%YAML 1.1
%TAG !u! tag:unity3d.com,2011:
--- !u!64 &5275492602650296034
MeshCollider:
  m_ObjectHideFlags: 0
  m_CorrespondingSourceObject: {fileID: 0}
  m_PrefabInstance: {fileID: 0}
  m_PrefabAsset: {fileID: 0}
  m_GameObject: {fileID: 2604907509885149027}
  m_Material: {fileID: 0}
  m_IsTrigger: 0
  m_Enabled: 1
  serializedVersion: 4
  m_Convex: 0
  m_CookingOptions: 30
  m_Mesh: {fileID: 4300000, guid: e53378bffa67fba40888797a9016d1c4, type: 3}
--- !u!64 &2835461348112905205
MeshCollider:
  m_ObjectHideFlags: 0
  m_CorrespondingSourceObject: {fileID: 0}
  m_PrefabInstance: {fileID: 0}
  m_PrefabAsset: {fileID: 0}
  m_GameObject: {fileID: 2819916117099701570}
  m_Material: {fileID: 0}
  m_IsTrigger: 0
  m_Enabled: 1
  serializedVersion: 4
  m_Convex: 0
  m_CookingOptions: 30
  m_Mesh: {fileID: 4300000, guid: e53378bffa67fba40888797a9016d1c4, type: 3}
--- !u!64 &3724764950207115121
MeshCollider:
  m_ObjectHideFlags: 0
  m_CorrespondingSourceObject: {fileID: 0}
  m_PrefabInstance: {fileID: 0}
  m_PrefabAsset: {fileID: 0}
  m_GameObject: {fileID: 3772187871212067148}
  m_Material: {fileID: 0}
  m_IsTrigger: 0
  m_Enabled: 1
  serializedVersion: 4
  m_Convex: 0
  m_CookingOptions: 30
  m_Mesh: {fileID: 4300000, guid: e53378bffa67fba40888797a9016d1c4, type: 3}
--- !u!64 &3444016403354695129
MeshCollider:
  m_ObjectHideFlags: 0
  m_CorrespondingSourceObject: {fileID: 0}
  m_PrefabInstance: {fileID: 0}
  m_PrefabAsset: {fileID: 0}
  m_GameObject: {fileID: 4832547315094990550}
  m_Material: {fileID: 0}
  m_IsTrigger: 0
  m_Enabled: 1
  serializedVersion: 4
  m_Convex: 0
  m_CookingOptions: 30
  m_Mesh: {fileID: 4300000, guid: e53378bffa67fba40888797a9016d1c4, type: 3}
--- !u!1 &6732871184775808335
GameObject:
  m_ObjectHideFlags: 0
  m_CorrespondingSourceObject: {fileID: 0}
  m_PrefabInstance: {fileID: 0}
  m_PrefabAsset: {fileID: 0}
  serializedVersion: 6
  m_Component:
  - component: {fileID: 2505999279356559448}
  m_Layer: 0
  m_Name: Boxs
  m_TagString: Untagged
  m_Icon: {fileID: 0}
  m_NavMeshLayer: 0
  m_StaticEditorFlags: 0
  m_IsActive: 1
--- !u!4 &2505999279356559448
Transform:
  m_ObjectHideFlags: 0
  m_CorrespondingSourceObject: {fileID: 0}
  m_PrefabInstance: {fileID: 0}
  m_PrefabAsset: {fileID: 0}
  m_GameObject: {fileID: 6732871184775808335}
  m_LocalRotation: {x: 0, y: 0, z: 0, w: 1}
  m_LocalPosition: {x: 0, y: 0, z: 0}
  m_LocalScale: {x: 1, y: 1, z: 1}
  m_Children:
  - {fileID: 3772187871212356972}
  - {fileID: 4832547315095352054}
  - {fileID: 2604907509885174595}
  - {fileID: 7630661000244056338}
  - {fileID: 2819916117100198242}
  m_Father: {fileID: 0}
  m_RootOrder: 0
  m_LocalEulerAnglesHint: {x: 0, y: 0, z: 0}
--- !u!64 &4018945960793144530
MeshCollider:
  m_ObjectHideFlags: 0
  m_CorrespondingSourceObject: {fileID: 0}
  m_PrefabInstance: {fileID: 0}
  m_PrefabAsset: {fileID: 0}
  m_GameObject: {fileID: 7630661000244415794}
  m_Material: {fileID: 0}
  m_IsTrigger: 0
  m_Enabled: 1
  serializedVersion: 4
  m_Convex: 0
  m_CookingOptions: 30
  m_Mesh: {fileID: 4300000, guid: e53378bffa67fba40888797a9016d1c4, type: 3}
--- !u!1001 &2604907509885049283
PrefabInstance:
  m_ObjectHideFlags: 0
  serializedVersion: 2
  m_Modification:
    m_TransformParent: {fileID: 2505999279356559448}
    m_Modifications:
    - target: {fileID: 100000, guid: e53378bffa67fba40888797a9016d1c4, type: 3}
      propertyPath: m_Name
      value: Crate Long (2)
      objectReference: {fileID: 0}
    - target: {fileID: 400000, guid: e53378bffa67fba40888797a9016d1c4, type: 3}
      propertyPath: m_RootOrder
      value: 2
      objectReference: {fileID: 0}
    - target: {fileID: 400000, guid: e53378bffa67fba40888797a9016d1c4, type: 3}
      propertyPath: m_LocalPosition.x
      value: 0.3
      objectReference: {fileID: 0}
    - target: {fileID: 400000, guid: e53378bffa67fba40888797a9016d1c4, type: 3}
      propertyPath: m_LocalPosition.y
      value: 0.6
      objectReference: {fileID: 0}
    - target: {fileID: 400000, guid: e53378bffa67fba40888797a9016d1c4, type: 3}
      propertyPath: m_LocalPosition.z
      value: 0
      objectReference: {fileID: 0}
    - target: {fileID: 400000, guid: e53378bffa67fba40888797a9016d1c4, type: 3}
      propertyPath: m_LocalRotation.w
      value: 1
      objectReference: {fileID: 0}
    - target: {fileID: 400000, guid: e53378bffa67fba40888797a9016d1c4, type: 3}
      propertyPath: m_LocalRotation.x
      value: 0.000000021855694
      objectReference: {fileID: 0}
    - target: {fileID: 400000, guid: e53378bffa67fba40888797a9016d1c4, type: 3}
      propertyPath: m_LocalRotation.y
      value: 0
      objectReference: {fileID: 0}
    - target: {fileID: 400000, guid: e53378bffa67fba40888797a9016d1c4, type: 3}
      propertyPath: m_LocalRotation.z
      value: -0
      objectReference: {fileID: 0}
    - target: {fileID: 400000, guid: e53378bffa67fba40888797a9016d1c4, type: 3}
      propertyPath: m_LocalEulerAnglesHint.x
      value: 0
      objectReference: {fileID: 0}
    - target: {fileID: 400000, guid: e53378bffa67fba40888797a9016d1c4, type: 3}
      propertyPath: m_LocalEulerAnglesHint.y
      value: 0
      objectReference: {fileID: 0}
    - target: {fileID: 400000, guid: e53378bffa67fba40888797a9016d1c4, type: 3}
      propertyPath: m_LocalEulerAnglesHint.z
      value: 0
      objectReference: {fileID: 0}
    m_RemovedComponents: []
  m_SourcePrefab: {fileID: 100100000, guid: e53378bffa67fba40888797a9016d1c4, type: 3}
--- !u!1 &2604907509885149027 stripped
GameObject:
  m_CorrespondingSourceObject: {fileID: 100000, guid: e53378bffa67fba40888797a9016d1c4,
    type: 3}
  m_PrefabInstance: {fileID: 2604907509885049283}
  m_PrefabAsset: {fileID: 0}
--- !u!4 &2604907509885174595 stripped
Transform:
  m_CorrespondingSourceObject: {fileID: 400000, guid: e53378bffa67fba40888797a9016d1c4,
    type: 3}
  m_PrefabInstance: {fileID: 2604907509885049283}
  m_PrefabAsset: {fileID: 0}
--- !u!1001 &2819916117099799522
PrefabInstance:
  m_ObjectHideFlags: 0
  serializedVersion: 2
  m_Modification:
    m_TransformParent: {fileID: 2505999279356559448}
    m_Modifications:
    - target: {fileID: 100000, guid: e53378bffa67fba40888797a9016d1c4, type: 3}
      propertyPath: m_Name
      value: Crate Long
      objectReference: {fileID: 0}
    - target: {fileID: 400000, guid: e53378bffa67fba40888797a9016d1c4, type: 3}
      propertyPath: m_RootOrder
      value: 4
      objectReference: {fileID: 0}
    - target: {fileID: 400000, guid: e53378bffa67fba40888797a9016d1c4, type: 3}
      propertyPath: m_LocalPosition.x
      value: 0.6
      objectReference: {fileID: 0}
    - target: {fileID: 400000, guid: e53378bffa67fba40888797a9016d1c4, type: 3}
      propertyPath: m_LocalPosition.y
      value: 0
      objectReference: {fileID: 0}
    - target: {fileID: 400000, guid: e53378bffa67fba40888797a9016d1c4, type: 3}
      propertyPath: m_LocalPosition.z
      value: 0
      objectReference: {fileID: 0}
    - target: {fileID: 400000, guid: e53378bffa67fba40888797a9016d1c4, type: 3}
      propertyPath: m_LocalRotation.w
      value: 1
      objectReference: {fileID: 0}
    - target: {fileID: 400000, guid: e53378bffa67fba40888797a9016d1c4, type: 3}
      propertyPath: m_LocalRotation.x
      value: 0.000000021855694
      objectReference: {fileID: 0}
    - target: {fileID: 400000, guid: e53378bffa67fba40888797a9016d1c4, type: 3}
      propertyPath: m_LocalRotation.y
      value: 0
      objectReference: {fileID: 0}
    - target: {fileID: 400000, guid: e53378bffa67fba40888797a9016d1c4, type: 3}
      propertyPath: m_LocalRotation.z
      value: -0
      objectReference: {fileID: 0}
    - target: {fileID: 400000, guid: e53378bffa67fba40888797a9016d1c4, type: 3}
      propertyPath: m_LocalEulerAnglesHint.x
      value: 0
      objectReference: {fileID: 0}
    - target: {fileID: 400000, guid: e53378bffa67fba40888797a9016d1c4, type: 3}
      propertyPath: m_LocalEulerAnglesHint.y
      value: 0
      objectReference: {fileID: 0}
    - target: {fileID: 400000, guid: e53378bffa67fba40888797a9016d1c4, type: 3}
      propertyPath: m_LocalEulerAnglesHint.z
      value: 0
      objectReference: {fileID: 0}
    m_RemovedComponents: []
  m_SourcePrefab: {fileID: 100100000, guid: e53378bffa67fba40888797a9016d1c4, type: 3}
--- !u!1 &2819916117099701570 stripped
GameObject:
  m_CorrespondingSourceObject: {fileID: 100000, guid: e53378bffa67fba40888797a9016d1c4,
    type: 3}
  m_PrefabInstance: {fileID: 2819916117099799522}
  m_PrefabAsset: {fileID: 0}
--- !u!4 &2819916117100198242 stripped
Transform:
  m_CorrespondingSourceObject: {fileID: 400000, guid: e53378bffa67fba40888797a9016d1c4,
    type: 3}
  m_PrefabInstance: {fileID: 2819916117099799522}
  m_PrefabAsset: {fileID: 0}
--- !u!1001 &3772187871211970540
PrefabInstance:
  m_ObjectHideFlags: 0
  serializedVersion: 2
  m_Modification:
    m_TransformParent: {fileID: 2505999279356559448}
    m_Modifications:
    - target: {fileID: 100000, guid: e53378bffa67fba40888797a9016d1c4, type: 3}
      propertyPath: m_Name
      value: Crate Long (4)
      objectReference: {fileID: 0}
    - target: {fileID: 400000, guid: e53378bffa67fba40888797a9016d1c4, type: 3}
      propertyPath: m_RootOrder
      value: 0
      objectReference: {fileID: 0}
    - target: {fileID: 400000, guid: e53378bffa67fba40888797a9016d1c4, type: 3}
      propertyPath: m_LocalPosition.x
      value: -0
      objectReference: {fileID: 0}
    - target: {fileID: 400000, guid: e53378bffa67fba40888797a9016d1c4, type: 3}
      propertyPath: m_LocalPosition.y
      value: 0
      objectReference: {fileID: 0}
    - target: {fileID: 400000, guid: e53378bffa67fba40888797a9016d1c4, type: 3}
      propertyPath: m_LocalPosition.z
      value: 0
      objectReference: {fileID: 0}
    - target: {fileID: 400000, guid: e53378bffa67fba40888797a9016d1c4, type: 3}
      propertyPath: m_LocalRotation.w
      value: 1
      objectReference: {fileID: 0}
    - target: {fileID: 400000, guid: e53378bffa67fba40888797a9016d1c4, type: 3}
      propertyPath: m_LocalRotation.x
      value: 0.000000021855694
      objectReference: {fileID: 0}
    - target: {fileID: 400000, guid: e53378bffa67fba40888797a9016d1c4, type: 3}
      propertyPath: m_LocalRotation.y
      value: 0
      objectReference: {fileID: 0}
    - target: {fileID: 400000, guid: e53378bffa67fba40888797a9016d1c4, type: 3}
      propertyPath: m_LocalRotation.z
      value: -0
      objectReference: {fileID: 0}
    - target: {fileID: 400000, guid: e53378bffa67fba40888797a9016d1c4, type: 3}
      propertyPath: m_LocalEulerAnglesHint.x
      value: 0
      objectReference: {fileID: 0}
    - target: {fileID: 400000, guid: e53378bffa67fba40888797a9016d1c4, type: 3}
      propertyPath: m_LocalEulerAnglesHint.y
      value: 0
      objectReference: {fileID: 0}
    - target: {fileID: 400000, guid: e53378bffa67fba40888797a9016d1c4, type: 3}
      propertyPath: m_LocalEulerAnglesHint.z
      value: 0
      objectReference: {fileID: 0}
    m_RemovedComponents: []
  m_SourcePrefab: {fileID: 100100000, guid: e53378bffa67fba40888797a9016d1c4, type: 3}
--- !u!1 &3772187871212067148 stripped
GameObject:
  m_CorrespondingSourceObject: {fileID: 100000, guid: e53378bffa67fba40888797a9016d1c4,
    type: 3}
  m_PrefabInstance: {fileID: 3772187871211970540}
  m_PrefabAsset: {fileID: 0}
--- !u!4 &3772187871212356972 stripped
Transform:
  m_CorrespondingSourceObject: {fileID: 400000, guid: e53378bffa67fba40888797a9016d1c4,
    type: 3}
  m_PrefabInstance: {fileID: 3772187871211970540}
  m_PrefabAsset: {fileID: 0}
--- !u!1001 &4832547315094956150
PrefabInstance:
  m_ObjectHideFlags: 0
  serializedVersion: 2
  m_Modification:
    m_TransformParent: {fileID: 2505999279356559448}
    m_Modifications:
    - target: {fileID: 100000, guid: e53378bffa67fba40888797a9016d1c4, type: 3}
      propertyPath: m_Name
      value: Crate Long (3)
      objectReference: {fileID: 0}
    - target: {fileID: 400000, guid: e53378bffa67fba40888797a9016d1c4, type: 3}
      propertyPath: m_RootOrder
      value: 1
      objectReference: {fileID: 0}
    - target: {fileID: 400000, guid: e53378bffa67fba40888797a9016d1c4, type: 3}
      propertyPath: m_LocalPosition.x
      value: 0.9
      objectReference: {fileID: 0}
    - target: {fileID: 400000, guid: e53378bffa67fba40888797a9016d1c4, type: 3}
      propertyPath: m_LocalPosition.y
      value: 0.6
      objectReference: {fileID: 0}
    - target: {fileID: 400000, guid: e53378bffa67fba40888797a9016d1c4, type: 3}
      propertyPath: m_LocalPosition.z
      value: 0
      objectReference: {fileID: 0}
    - target: {fileID: 400000, guid: e53378bffa67fba40888797a9016d1c4, type: 3}
      propertyPath: m_LocalRotation.w
      value: 1
      objectReference: {fileID: 0}
    - target: {fileID: 400000, guid: e53378bffa67fba40888797a9016d1c4, type: 3}
      propertyPath: m_LocalRotation.x
      value: 0.000000021855694
      objectReference: {fileID: 0}
    - target: {fileID: 400000, guid: e53378bffa67fba40888797a9016d1c4, type: 3}
      propertyPath: m_LocalRotation.y
      value: 0
      objectReference: {fileID: 0}
    - target: {fileID: 400000, guid: e53378bffa67fba40888797a9016d1c4, type: 3}
      propertyPath: m_LocalRotation.z
      value: -0
      objectReference: {fileID: 0}
    - target: {fileID: 400000, guid: e53378bffa67fba40888797a9016d1c4, type: 3}
      propertyPath: m_LocalEulerAnglesHint.x
      value: 0
      objectReference: {fileID: 0}
    - target: {fileID: 400000, guid: e53378bffa67fba40888797a9016d1c4, type: 3}
      propertyPath: m_LocalEulerAnglesHint.y
      value: 0
      objectReference: {fileID: 0}
    - target: {fileID: 400000, guid: e53378bffa67fba40888797a9016d1c4, type: 3}
      propertyPath: m_LocalEulerAnglesHint.z
      value: 0
      objectReference: {fileID: 0}
    m_RemovedComponents: []
  m_SourcePrefab: {fileID: 100100000, guid: e53378bffa67fba40888797a9016d1c4, type: 3}
--- !u!1 &4832547315094990550 stripped
GameObject:
  m_CorrespondingSourceObject: {fileID: 100000, guid: e53378bffa67fba40888797a9016d1c4,
    type: 3}
  m_PrefabInstance: {fileID: 4832547315094956150}
  m_PrefabAsset: {fileID: 0}
--- !u!4 &4832547315095352054 stripped
Transform:
  m_CorrespondingSourceObject: {fileID: 400000, guid: e53378bffa67fba40888797a9016d1c4,
    type: 3}
  m_PrefabInstance: {fileID: 4832547315094956150}
  m_PrefabAsset: {fileID: 0}
--- !u!1001 &7630661000244448146
PrefabInstance:
  m_ObjectHideFlags: 0
  serializedVersion: 2
  m_Modification:
    m_TransformParent: {fileID: 2505999279356559448}
    m_Modifications:
    - target: {fileID: 100000, guid: e53378bffa67fba40888797a9016d1c4, type: 3}
      propertyPath: m_Name
      value: Crate Long (1)
      objectReference: {fileID: 0}
    - target: {fileID: 400000, guid: e53378bffa67fba40888797a9016d1c4, type: 3}
      propertyPath: m_RootOrder
      value: 3
      objectReference: {fileID: 0}
    - target: {fileID: 400000, guid: e53378bffa67fba40888797a9016d1c4, type: 3}
      propertyPath: m_LocalPosition.x
      value: 1.2
      objectReference: {fileID: 0}
    - target: {fileID: 400000, guid: e53378bffa67fba40888797a9016d1c4, type: 3}
      propertyPath: m_LocalPosition.y
      value: 0
      objectReference: {fileID: 0}
    - target: {fileID: 400000, guid: e53378bffa67fba40888797a9016d1c4, type: 3}
      propertyPath: m_LocalPosition.z
      value: 0
      objectReference: {fileID: 0}
    - target: {fileID: 400000, guid: e53378bffa67fba40888797a9016d1c4, type: 3}
      propertyPath: m_LocalRotation.w
      value: 1
      objectReference: {fileID: 0}
    - target: {fileID: 400000, guid: e53378bffa67fba40888797a9016d1c4, type: 3}
      propertyPath: m_LocalRotation.x
      value: 0.000000021855694
      objectReference: {fileID: 0}
    - target: {fileID: 400000, guid: e53378bffa67fba40888797a9016d1c4, type: 3}
      propertyPath: m_LocalRotation.y
      value: 0
      objectReference: {fileID: 0}
    - target: {fileID: 400000, guid: e53378bffa67fba40888797a9016d1c4, type: 3}
      propertyPath: m_LocalRotation.z
      value: -0
      objectReference: {fileID: 0}
    - target: {fileID: 400000, guid: e53378bffa67fba40888797a9016d1c4, type: 3}
      propertyPath: m_LocalEulerAnglesHint.x
      value: 0
      objectReference: {fileID: 0}
    - target: {fileID: 400000, guid: e53378bffa67fba40888797a9016d1c4, type: 3}
      propertyPath: m_LocalEulerAnglesHint.y
      value: 0
      objectReference: {fileID: 0}
    - target: {fileID: 400000, guid: e53378bffa67fba40888797a9016d1c4, type: 3}
      propertyPath: m_LocalEulerAnglesHint.z
      value: 0
      objectReference: {fileID: 0}
    m_RemovedComponents: []
  m_SourcePrefab: {fileID: 100100000, guid: e53378bffa67fba40888797a9016d1c4, type: 3}
--- !u!1 &7630661000244415794 stripped
GameObject:
  m_CorrespondingSourceObject: {fileID: 100000, guid: e53378bffa67fba40888797a9016d1c4,
    type: 3}
  m_PrefabInstance: {fileID: 7630661000244448146}
  m_PrefabAsset: {fileID: 0}
--- !u!4 &7630661000244056338 stripped
Transform:
  m_CorrespondingSourceObject: {fileID: 400000, guid: e53378bffa67fba40888797a9016d1c4,
    type: 3}
  m_PrefabInstance: {fileID: 7630661000244448146}
  m_PrefabAsset: {fileID: 0}
