%YAML 1.1
%TAG !u! tag:unity3d.com,2011:
--- !u!64 &7866575707693709288
MeshCollider:
  m_ObjectHideFlags: 0
  m_CorrespondingSourceObject: {fileID: 0}
  m_PrefabInstance: {fileID: 0}
  m_PrefabAsset: {fileID: 0}
  m_GameObject: {fileID: 1968449862700889045}
  m_Material: {fileID: 0}
  m_IsTrigger: 0
  m_Enabled: 1
  serializedVersion: 4
  m_Convex: 0
  m_CookingOptions: 30
  m_Mesh: {fileID: 4300006, guid: 4ce6b0c7f72eca64281331f29fa951bf, type: 3}
--- !u!64 &1201271838224599523
MeshCollider:
  m_ObjectHideFlags: 0
  m_CorrespondingSourceObject: {fileID: 0}
  m_PrefabInstance: {fileID: 0}
  m_PrefabAsset: {fileID: 0}
  m_GameObject: {fileID: 1968449862700889047}
  m_Material: {fileID: 0}
  m_IsTrigger: 0
  m_Enabled: 1
  serializedVersion: 4
  m_Convex: 0
  m_CookingOptions: 30
  m_Mesh: {fileID: 4300004, guid: 4ce6b0c7f72eca64281331f29fa951bf, type: 3}
--- !u!64 &8976435294213078938
MeshCollider:
  m_ObjectHideFlags: 0
  m_CorrespondingSourceObject: {fileID: 0}
  m_PrefabInstance: {fileID: 0}
  m_PrefabAsset: {fileID: 0}
  m_GameObject: {fileID: 1968449862700889049}
  m_Material: {fileID: 0}
  m_IsTrigger: 0
  m_Enabled: 1
  serializedVersion: 4
  m_Convex: 0
  m_CookingOptions: 30
  m_Mesh: {fileID: 4300002, guid: 4ce6b0c7f72eca64281331f29fa951bf, type: 3}
--- !u!64 &760774500776497411
MeshCollider:
  m_ObjectHideFlags: 0
  m_CorrespondingSourceObject: {fileID: 0}
  m_PrefabInstance: {fileID: 0}
  m_PrefabAsset: {fileID: 0}
  m_GameObject: {fileID: 1968449862700889051}
  m_Material: {fileID: 0}
  m_IsTrigger: 0
  m_Enabled: 1
  serializedVersion: 4
  m_Convex: 0
  m_CookingOptions: 30
  m_Mesh: {fileID: 4300008, guid: 4ce6b0c7f72eca64281331f29fa951bf, type: 3}
--- !u!64 &6425646312527952470
MeshCollider:
  m_ObjectHideFlags: 0
  m_CorrespondingSourceObject: {fileID: 0}
  m_PrefabInstance: {fileID: 0}
  m_PrefabAsset: {fileID: 0}
  m_GameObject: {fileID: 1968449862700889053}
  m_Material: {fileID: 0}
  m_IsTrigger: 0
  m_Enabled: 1
  serializedVersion: 4
  m_Convex: 0
  m_CookingOptions: 30
  m_Mesh: {fileID: 4300000, guid: 4ce6b0c7f72eca64281331f29fa951bf, type: 3}
--- !u!64 &3059981774765427762
MeshCollider:
  m_ObjectHideFlags: 0
  m_CorrespondingSourceObject: {fileID: 0}
  m_PrefabInstance: {fileID: 0}
  m_PrefabAsset: {fileID: 0}
  m_GameObject: {fileID: 1968449863489868567}
  m_Material: {fileID: 0}
  m_IsTrigger: 0
  m_Enabled: 1
  serializedVersion: 4
  m_Convex: 0
  m_CookingOptions: 30
  m_Mesh: {fileID: 4300000, guid: e76df27ac8248984b956e0afc508c53d, type: 3}
--- !u!64 &782701911826081914
MeshCollider:
  m_ObjectHideFlags: 0
  m_CorrespondingSourceObject: {fileID: 0}
  m_PrefabInstance: {fileID: 0}
  m_PrefabAsset: {fileID: 0}
  m_GameObject: {fileID: 1968449863489868561}
  m_Material: {fileID: 0}
  m_IsTrigger: 0
  m_Enabled: 1
  serializedVersion: 4
  m_Convex: 0
  m_CookingOptions: 30
  m_Mesh: {fileID: 4300002, guid: e76df27ac8248984b956e0afc508c53d, type: 3}
--- !u!64 &8675242043253277710
MeshCollider:
  m_ObjectHideFlags: 0
  m_CorrespondingSourceObject: {fileID: 0}
  m_PrefabInstance: {fileID: 0}
  m_PrefabAsset: {fileID: 0}
  m_GameObject: {fileID: 1968449863489868563}
  m_Material: {fileID: 0}
  m_IsTrigger: 0
  m_Enabled: 1
  serializedVersion: 4
  m_Convex: 0
  m_CookingOptions: 30
  m_Mesh: {fileID: 4300004, guid: e76df27ac8248984b956e0afc508c53d, type: 3}
--- !u!64 &2823589258653282719
MeshCollider:
  m_ObjectHideFlags: 0
  m_CorrespondingSourceObject: {fileID: 0}
  m_PrefabInstance: {fileID: 0}
  m_PrefabAsset: {fileID: 0}
  m_GameObject: {fileID: 1968449863489868573}
  m_Material: {fileID: 0}
  m_IsTrigger: 0
  m_Enabled: 1
  serializedVersion: 4
  m_Convex: 0
  m_CookingOptions: 30
  m_Mesh: {fileID: 4300006, guid: e76df27ac8248984b956e0afc508c53d, type: 3}
--- !u!64 &6678757713511980142
MeshCollider:
  m_ObjectHideFlags: 0
  m_CorrespondingSourceObject: {fileID: 0}
  m_PrefabInstance: {fileID: 0}
  m_PrefabAsset: {fileID: 0}
  m_GameObject: {fileID: 1968449863489868575}
  m_Material: {fileID: 0}
  m_IsTrigger: 0
  m_Enabled: 1
  serializedVersion: 4
  m_Convex: 0
  m_CookingOptions: 30
  m_Mesh: {fileID: 4300008, guid: e76df27ac8248984b956e0afc508c53d, type: 3}
--- !u!64 &7097858181563892334
MeshCollider:
  m_ObjectHideFlags: 0
  m_CorrespondingSourceObject: {fileID: 0}
  m_PrefabInstance: {fileID: 0}
  m_PrefabAsset: {fileID: 0}
  m_GameObject: {fileID: 1968449863489868569}
  m_Material: {fileID: 0}
  m_IsTrigger: 0
  m_Enabled: 1
  serializedVersion: 4
  m_Convex: 0
  m_CookingOptions: 30
  m_Mesh: {fileID: 4300010, guid: e76df27ac8248984b956e0afc508c53d, type: 3}
--- !u!64 &6597767231325255204
MeshCollider:
  m_ObjectHideFlags: 0
  m_CorrespondingSourceObject: {fileID: 0}
  m_PrefabInstance: {fileID: 0}
  m_PrefabAsset: {fileID: 0}
  m_GameObject: {fileID: 1968449863489868571}
  m_Material: {fileID: 0}
  m_IsTrigger: 0
  m_Enabled: 1
  serializedVersion: 4
  m_Convex: 0
  m_CookingOptions: 30
  m_Mesh: {fileID: 4300012, guid: e76df27ac8248984b956e0afc508c53d, type: 3}
--- !u!64 &4791435412027115276
MeshCollider:
  m_ObjectHideFlags: 0
  m_CorrespondingSourceObject: {fileID: 0}
  m_PrefabInstance: {fileID: 0}
  m_PrefabAsset: {fileID: 0}
  m_GameObject: {fileID: 1968449864415300407}
  m_Material: {fileID: 0}
  m_IsTrigger: 0
  m_Enabled: 1
  serializedVersion: 4
  m_Convex: 0
  m_CookingOptions: 30
  m_Mesh: {fileID: 4300008, guid: f2d541cec9cde3e4aab35063c6ee1a61, type: 3}
--- !u!64 &2766222112056697124
MeshCollider:
  m_ObjectHideFlags: 0
  m_CorrespondingSourceObject: {fileID: 0}
  m_PrefabInstance: {fileID: 0}
  m_PrefabAsset: {fileID: 0}
  m_GameObject: {fileID: 1968449864415300405}
  m_Material: {fileID: 0}
  m_IsTrigger: 0
  m_Enabled: 1
  serializedVersion: 4
  m_Convex: 0
  m_CookingOptions: 30
  m_Mesh: {fileID: 4300004, guid: f2d541cec9cde3e4aab35063c6ee1a61, type: 3}
--- !u!64 &6987524512150218097
MeshCollider:
  m_ObjectHideFlags: 0
  m_CorrespondingSourceObject: {fileID: 0}
  m_PrefabInstance: {fileID: 0}
  m_PrefabAsset: {fileID: 0}
  m_GameObject: {fileID: 1968449864415300403}
  m_Material: {fileID: 0}
  m_IsTrigger: 0
  m_Enabled: 1
  serializedVersion: 4
  m_Convex: 0
  m_CookingOptions: 30
  m_Mesh: {fileID: 4300010, guid: f2d541cec9cde3e4aab35063c6ee1a61, type: 3}
--- !u!64 &907363873088289621
MeshCollider:
  m_ObjectHideFlags: 0
  m_CorrespondingSourceObject: {fileID: 0}
  m_PrefabInstance: {fileID: 0}
  m_PrefabAsset: {fileID: 0}
  m_GameObject: {fileID: 1968449864415300401}
  m_Material: {fileID: 0}
  m_IsTrigger: 0
  m_Enabled: 1
  serializedVersion: 4
  m_Convex: 0
  m_CookingOptions: 30
  m_Mesh: {fileID: 4300006, guid: f2d541cec9cde3e4aab35063c6ee1a61, type: 3}
--- !u!64 &4344338095017622895
MeshCollider:
  m_ObjectHideFlags: 0
  m_CorrespondingSourceObject: {fileID: 0}
  m_PrefabInstance: {fileID: 0}
  m_PrefabAsset: {fileID: 0}
  m_GameObject: {fileID: 1968449864415300415}
  m_Material: {fileID: 0}
  m_IsTrigger: 0
  m_Enabled: 1
  serializedVersion: 4
  m_Convex: 0
  m_CookingOptions: 30
  m_Mesh: {fileID: 4300002, guid: f2d541cec9cde3e4aab35063c6ee1a61, type: 3}
--- !u!64 &6470028279819733391
MeshCollider:
  m_ObjectHideFlags: 0
  m_CorrespondingSourceObject: {fileID: 0}
  m_PrefabInstance: {fileID: 0}
  m_PrefabAsset: {fileID: 0}
  m_GameObject: {fileID: 1968449864415300413}
  m_Material: {fileID: 0}
  m_IsTrigger: 0
  m_Enabled: 1
  serializedVersion: 4
  m_Convex: 0
  m_CookingOptions: 30
  m_Mesh: {fileID: 4300000, guid: f2d541cec9cde3e4aab35063c6ee1a61, type: 3}
--- !u!64 &3803073528932793163
MeshCollider:
  m_ObjectHideFlags: 0
  m_CorrespondingSourceObject: {fileID: 0}
  m_PrefabInstance: {fileID: 0}
  m_PrefabAsset: {fileID: 0}
  m_GameObject: {fileID: 1968449864415300411}
  m_Material: {fileID: 0}
  m_IsTrigger: 0
  m_Enabled: 1
  serializedVersion: 4
  m_Convex: 0
  m_CookingOptions: 30
  m_Mesh: {fileID: 4300012, guid: f2d541cec9cde3e4aab35063c6ee1a61, type: 3}
--- !u!1 &9021496082203074242
GameObject:
  m_ObjectHideFlags: 0
  m_CorrespondingSourceObject: {fileID: 0}
  m_PrefabInstance: {fileID: 0}
  m_PrefabAsset: {fileID: 0}
  serializedVersion: 6
  m_Component:
  - component: {fileID: 362920070087464270}
  m_Layer: 0
  m_Name: Corridor_3
  m_TagString: Untagged
  m_Icon: {fileID: 0}
  m_NavMeshLayer: 0
  m_StaticEditorFlags: 0
  m_IsActive: 1
--- !u!4 &362920070087464270
Transform:
  m_ObjectHideFlags: 0
  m_CorrespondingSourceObject: {fileID: 0}
  m_PrefabInstance: {fileID: 0}
  m_PrefabAsset: {fileID: 0}
  m_GameObject: {fileID: 9021496082203074242}
  m_LocalRotation: {x: 0, y: 0, z: 0, w: 1}
  m_LocalPosition: {x: 0, y: 0, z: 0}
  m_LocalScale: {x: 1, y: 1, z: 1}
  m_Children:
  - {fileID: 1968449862700920817}
  - {fileID: 1968449863490031413}
  - {fileID: 1968449864415336217}
  m_Father: {fileID: 0}
  m_RootOrder: 0
  m_LocalEulerAnglesHint: {x: 0, y: 0, z: 0}
--- !u!1001 &1968449862700791153
PrefabInstance:
  m_ObjectHideFlags: 0
  serializedVersion: 2
  m_Modification:
    m_TransformParent: {fileID: 362920070087464270}
    m_Modifications:
    - target: {fileID: 100000, guid: 4ce6b0c7f72eca64281331f29fa951bf, type: 3}
      propertyPath: m_Name
      value: Corridor Corner Lights
      objectReference: {fileID: 0}
    - target: {fileID: 400000, guid: 4ce6b0c7f72eca64281331f29fa951bf, type: 3}
      propertyPath: m_RootOrder
      value: 0
      objectReference: {fileID: 0}
    - target: {fileID: 400000, guid: 4ce6b0c7f72eca64281331f29fa951bf, type: 3}
      propertyPath: m_LocalPosition.x
      value: 6
      objectReference: {fileID: 0}
    - target: {fileID: 400000, guid: 4ce6b0c7f72eca64281331f29fa951bf, type: 3}
      propertyPath: m_LocalPosition.y
      value: 0
      objectReference: {fileID: 0}
    - target: {fileID: 400000, guid: 4ce6b0c7f72eca64281331f29fa951bf, type: 3}
      propertyPath: m_LocalPosition.z
      value: 60
      objectReference: {fileID: 0}
    - target: {fileID: 400000, guid: 4ce6b0c7f72eca64281331f29fa951bf, type: 3}
      propertyPath: m_LocalRotation.w
      value: 0
      objectReference: {fileID: 0}
    - target: {fileID: 400000, guid: 4ce6b0c7f72eca64281331f29fa951bf, type: 3}
      propertyPath: m_LocalRotation.x
      value: -0
      objectReference: {fileID: 0}
    - target: {fileID: 400000, guid: 4ce6b0c7f72eca64281331f29fa951bf, type: 3}
      propertyPath: m_LocalRotation.y
      value: 1
      objectReference: {fileID: 0}
    - target: {fileID: 400000, guid: 4ce6b0c7f72eca64281331f29fa951bf, type: 3}
      propertyPath: m_LocalRotation.z
      value: -0
      objectReference: {fileID: 0}
    - target: {fileID: 400000, guid: 4ce6b0c7f72eca64281331f29fa951bf, type: 3}
      propertyPath: m_LocalEulerAnglesHint.x
      value: 0
      objectReference: {fileID: 0}
    - target: {fileID: 400000, guid: 4ce6b0c7f72eca64281331f29fa951bf, type: 3}
      propertyPath: m_LocalEulerAnglesHint.y
      value: 180
      objectReference: {fileID: 0}
    - target: {fileID: 400000, guid: 4ce6b0c7f72eca64281331f29fa951bf, type: 3}
      propertyPath: m_LocalEulerAnglesHint.z
      value: 0
      objectReference: {fileID: 0}
    m_RemovedComponents: []
  m_SourcePrefab: {fileID: 100100000, guid: 4ce6b0c7f72eca64281331f29fa951bf, type: 3}
--- !u!4 &1968449862700920817 stripped
Transform:
  m_CorrespondingSourceObject: {fileID: 400000, guid: 4ce6b0c7f72eca64281331f29fa951bf,
    type: 3}
  m_PrefabInstance: {fileID: 1968449862700791153}
  m_PrefabAsset: {fileID: 0}
--- !u!1 &1968449862700889045 stripped
GameObject:
  m_CorrespondingSourceObject: {fileID: 100004, guid: 4ce6b0c7f72eca64281331f29fa951bf,
    type: 3}
  m_PrefabInstance: {fileID: 1968449862700791153}
  m_PrefabAsset: {fileID: 0}
--- !u!1 &1968449862700889049 stripped
GameObject:
  m_CorrespondingSourceObject: {fileID: 100008, guid: 4ce6b0c7f72eca64281331f29fa951bf,
    type: 3}
  m_PrefabInstance: {fileID: 1968449862700791153}
  m_PrefabAsset: {fileID: 0}
--- !u!1 &1968449862700889051 stripped
GameObject:
  m_CorrespondingSourceObject: {fileID: 100010, guid: 4ce6b0c7f72eca64281331f29fa951bf,
    type: 3}
  m_PrefabInstance: {fileID: 1968449862700791153}
  m_PrefabAsset: {fileID: 0}
--- !u!1 &1968449862700889047 stripped
GameObject:
  m_CorrespondingSourceObject: {fileID: 100006, guid: 4ce6b0c7f72eca64281331f29fa951bf,
    type: 3}
  m_PrefabInstance: {fileID: 1968449862700791153}
  m_PrefabAsset: {fileID: 0}
--- !u!1 &1968449862700889053 stripped
GameObject:
  m_CorrespondingSourceObject: {fileID: 100012, guid: 4ce6b0c7f72eca64281331f29fa951bf,
    type: 3}
  m_PrefabInstance: {fileID: 1968449862700791153}
  m_PrefabAsset: {fileID: 0}
--- !u!1001 &1968449863489902005
PrefabInstance:
  m_ObjectHideFlags: 0
  serializedVersion: 2
  m_Modification:
    m_TransformParent: {fileID: 362920070087464270}
    m_Modifications:
    - target: {fileID: 100000, guid: e76df27ac8248984b956e0afc508c53d, type: 3}
      propertyPath: m_Name
      value: Corridor Incline Full (1)
      objectReference: {fileID: 0}
    - target: {fileID: 400000, guid: e76df27ac8248984b956e0afc508c53d, type: 3}
      propertyPath: m_RootOrder
      value: 1
      objectReference: {fileID: 0}
    - target: {fileID: 400000, guid: e76df27ac8248984b956e0afc508c53d, type: 3}
      propertyPath: m_LocalPosition.x
      value: 30
      objectReference: {fileID: 0}
    - target: {fileID: 400000, guid: e76df27ac8248984b956e0afc508c53d, type: 3}
      propertyPath: m_LocalPosition.y
      value: 0
      objectReference: {fileID: 0}
    - target: {fileID: 400000, guid: e76df27ac8248984b956e0afc508c53d, type: 3}
      propertyPath: m_LocalPosition.z
      value: 60
      objectReference: {fileID: 0}
    - target: {fileID: 400000, guid: e76df27ac8248984b956e0afc508c53d, type: 3}
      propertyPath: m_LocalRotation.w
      value: 0.7071068
      objectReference: {fileID: 0}
    - target: {fileID: 400000, guid: e76df27ac8248984b956e0afc508c53d, type: 3}
      propertyPath: m_LocalRotation.x
      value: -0
      objectReference: {fileID: 0}
    - target: {fileID: 400000, guid: e76df27ac8248984b956e0afc508c53d, type: 3}
      propertyPath: m_LocalRotation.y
      value: -0.7071068
      objectReference: {fileID: 0}
    - target: {fileID: 400000, guid: e76df27ac8248984b956e0afc508c53d, type: 3}
      propertyPath: m_LocalRotation.z
      value: -0
      objectReference: {fileID: 0}
    - target: {fileID: 400000, guid: e76df27ac8248984b956e0afc508c53d, type: 3}
      propertyPath: m_LocalEulerAnglesHint.x
      value: 0
      objectReference: {fileID: 0}
    - target: {fileID: 400000, guid: e76df27ac8248984b956e0afc508c53d, type: 3}
      propertyPath: m_LocalEulerAnglesHint.y
      value: -90
      objectReference: {fileID: 0}
    - target: {fileID: 400000, guid: e76df27ac8248984b956e0afc508c53d, type: 3}
      propertyPath: m_LocalEulerAnglesHint.z
      value: 0
      objectReference: {fileID: 0}
    m_RemovedComponents: []
  m_SourcePrefab: {fileID: 100100000, guid: e76df27ac8248984b956e0afc508c53d, type: 3}
--- !u!1 &1968449863489868573 stripped
GameObject:
  m_CorrespondingSourceObject: {fileID: 100008, guid: e76df27ac8248984b956e0afc508c53d,
    type: 3}
  m_PrefabInstance: {fileID: 1968449863489902005}
  m_PrefabAsset: {fileID: 0}
--- !u!1 &1968449863489868575 stripped
GameObject:
  m_CorrespondingSourceObject: {fileID: 100010, guid: e76df27ac8248984b956e0afc508c53d,
    type: 3}
  m_PrefabInstance: {fileID: 1968449863489902005}
  m_PrefabAsset: {fileID: 0}
--- !u!1 &1968449863489868563 stripped
GameObject:
  m_CorrespondingSourceObject: {fileID: 100006, guid: e76df27ac8248984b956e0afc508c53d,
    type: 3}
  m_PrefabInstance: {fileID: 1968449863489902005}
  m_PrefabAsset: {fileID: 0}
--- !u!1 &1968449863489868569 stripped
GameObject:
  m_CorrespondingSourceObject: {fileID: 100012, guid: e76df27ac8248984b956e0afc508c53d,
    type: 3}
  m_PrefabInstance: {fileID: 1968449863489902005}
  m_PrefabAsset: {fileID: 0}
--- !u!4 &1968449863490031413 stripped
Transform:
  m_CorrespondingSourceObject: {fileID: 400000, guid: e76df27ac8248984b956e0afc508c53d,
    type: 3}
  m_PrefabInstance: {fileID: 1968449863489902005}
  m_PrefabAsset: {fileID: 0}
--- !u!1 &1968449863489868571 stripped
GameObject:
  m_CorrespondingSourceObject: {fileID: 100014, guid: e76df27ac8248984b956e0afc508c53d,
    type: 3}
  m_PrefabInstance: {fileID: 1968449863489902005}
  m_PrefabAsset: {fileID: 0}
--- !u!1 &1968449863489868567 stripped
GameObject:
  m_CorrespondingSourceObject: {fileID: 100002, guid: e76df27ac8248984b956e0afc508c53d,
    type: 3}
  m_PrefabInstance: {fileID: 1968449863489902005}
  m_PrefabAsset: {fileID: 0}
--- !u!1 &1968449863489868561 stripped
GameObject:
  m_CorrespondingSourceObject: {fileID: 100004, guid: e76df27ac8248984b956e0afc508c53d,
    type: 3}
  m_PrefabInstance: {fileID: 1968449863489902005}
  m_PrefabAsset: {fileID: 0}
--- !u!1001 &1968449864415202711
PrefabInstance:
  m_ObjectHideFlags: 0
  serializedVersion: 2
  m_Modification:
    m_TransformParent: {fileID: 362920070087464270}
    m_Modifications:
    - target: {fileID: 100014, guid: f2d541cec9cde3e4aab35063c6ee1a61, type: 3}
      propertyPath: m_Name
      value: Corridor Passthrough Windows
      objectReference: {fileID: 0}
    - target: {fileID: 400014, guid: f2d541cec9cde3e4aab35063c6ee1a61, type: 3}
      propertyPath: m_RootOrder
      value: 2
      objectReference: {fileID: 0}
    - target: {fileID: 400014, guid: f2d541cec9cde3e4aab35063c6ee1a61, type: 3}
      propertyPath: m_LocalPosition.x
      value: 12
      objectReference: {fileID: 0}
    - target: {fileID: 400014, guid: f2d541cec9cde3e4aab35063c6ee1a61, type: 3}
      propertyPath: m_LocalPosition.y
      value: 0
      objectReference: {fileID: 0}
    - target: {fileID: 400014, guid: f2d541cec9cde3e4aab35063c6ee1a61, type: 3}
      propertyPath: m_LocalPosition.z
      value: 66
      objectReference: {fileID: 0}
    - target: {fileID: 400014, guid: f2d541cec9cde3e4aab35063c6ee1a61, type: 3}
      propertyPath: m_LocalRotation.w
      value: 0.7071068
      objectReference: {fileID: 0}
    - target: {fileID: 400014, guid: f2d541cec9cde3e4aab35063c6ee1a61, type: 3}
      propertyPath: m_LocalRotation.x
      value: -0
      objectReference: {fileID: 0}
    - target: {fileID: 400014, guid: f2d541cec9cde3e4aab35063c6ee1a61, type: 3}
      propertyPath: m_LocalRotation.y
      value: 0.7071068
      objectReference: {fileID: 0}
    - target: {fileID: 400014, guid: f2d541cec9cde3e4aab35063c6ee1a61, type: 3}
      propertyPath: m_LocalRotation.z
      value: -0
      objectReference: {fileID: 0}
    - target: {fileID: 400014, guid: f2d541cec9cde3e4aab35063c6ee1a61, type: 3}
      propertyPath: m_LocalEulerAnglesHint.x
      value: 0
      objectReference: {fileID: 0}
    - target: {fileID: 400014, guid: f2d541cec9cde3e4aab35063c6ee1a61, type: 3}
      propertyPath: m_LocalEulerAnglesHint.y
      value: 90
      objectReference: {fileID: 0}
    - target: {fileID: 400014, guid: f2d541cec9cde3e4aab35063c6ee1a61, type: 3}
      propertyPath: m_LocalEulerAnglesHint.z
      value: 0
      objectReference: {fileID: 0}
    m_RemovedComponents: []
  m_SourcePrefab: {fileID: 100100000, guid: f2d541cec9cde3e4aab35063c6ee1a61, type: 3}
--- !u!1 &1968449864415300415 stripped
GameObject:
  m_CorrespondingSourceObject: {fileID: 100008, guid: f2d541cec9cde3e4aab35063c6ee1a61,
    type: 3}
  m_PrefabInstance: {fileID: 1968449864415202711}
  m_PrefabAsset: {fileID: 0}
--- !u!1 &1968449864415300403 stripped
GameObject:
  m_CorrespondingSourceObject: {fileID: 100004, guid: f2d541cec9cde3e4aab35063c6ee1a61,
    type: 3}
  m_PrefabInstance: {fileID: 1968449864415202711}
  m_PrefabAsset: {fileID: 0}
--- !u!1 &1968449864415300413 stripped
GameObject:
  m_CorrespondingSourceObject: {fileID: 100010, guid: f2d541cec9cde3e4aab35063c6ee1a61,
    type: 3}
  m_PrefabInstance: {fileID: 1968449864415202711}
  m_PrefabAsset: {fileID: 0}
--- !u!1 &1968449864415300411 stripped
GameObject:
  m_CorrespondingSourceObject: {fileID: 100012, guid: f2d541cec9cde3e4aab35063c6ee1a61,
    type: 3}
  m_PrefabInstance: {fileID: 1968449864415202711}
  m_PrefabAsset: {fileID: 0}
--- !u!4 &1968449864415336217 stripped
Transform:
  m_CorrespondingSourceObject: {fileID: 400014, guid: f2d541cec9cde3e4aab35063c6ee1a61,
    type: 3}
  m_PrefabInstance: {fileID: 1968449864415202711}
  m_PrefabAsset: {fileID: 0}
--- !u!1 &1968449864415300405 stripped
GameObject:
  m_CorrespondingSourceObject: {fileID: 100002, guid: f2d541cec9cde3e4aab35063c6ee1a61,
    type: 3}
  m_PrefabInstance: {fileID: 1968449864415202711}
  m_PrefabAsset: {fileID: 0}
--- !u!1 &1968449864415300407 stripped
GameObject:
  m_CorrespondingSourceObject: {fileID: 100000, guid: f2d541cec9cde3e4aab35063c6ee1a61,
    type: 3}
  m_PrefabInstance: {fileID: 1968449864415202711}
  m_PrefabAsset: {fileID: 0}
--- !u!1 &1968449864415300401 stripped
GameObject:
  m_CorrespondingSourceObject: {fileID: 100006, guid: f2d541cec9cde3e4aab35063c6ee1a61,
    type: 3}
  m_PrefabInstance: {fileID: 1968449864415202711}
  m_PrefabAsset: {fileID: 0}
