%YAML 1.1
%TAG !u! tag:unity3d.com,2011:
--- !u!1 &1350598221
GameObject:
  m_ObjectHideFlags: 0
  m_CorrespondingSourceObject: {fileID: 0}
  m_PrefabInstance: {fileID: 0}
  m_PrefabAsset: {fileID: 0}
  serializedVersion: 6
  m_Component:
  - component: {fileID: 1350598225}
  - component: {fileID: 1350598224}
  - component: {fileID: 1350598223}
  - component: {fileID: 1350598222}
  m_Layer: 0
  m_Name: Ai
  m_TagString: Untagged
  m_Icon: {fileID: 0}
  m_NavMeshLayer: 0
  m_StaticEditorFlags: 0
  m_IsActive: 1
--- !u!4 &1350598225
Transform:
  m_ObjectHideFlags: 0
  m_CorrespondingSourceObject: {fileID: 0}
  m_PrefabInstance: {fileID: 0}
  m_PrefabAsset: {fileID: 0}
  m_GameObject: {fileID: 1350598221}
  m_LocalRotation: {x: 0, y: 0, z: 0, w: 1}
  m_LocalPosition: {x: 0, y: 0, z: 0}
  m_LocalScale: {x: 1, y: 1, z: 1}
  m_Children: []
  m_Father: {fileID: 4689675541720389144}
  m_RootOrder: 3
  m_LocalEulerAnglesHint: {x: 0, y: 0, z: 0}
--- !u!54 &1350598224
Rigidbody:
  m_ObjectHideFlags: 0
  m_CorrespondingSourceObject: {fileID: 0}
  m_PrefabInstance: {fileID: 0}
  m_PrefabAsset: {fileID: 0}
  m_GameObject: {fileID: 1350598221}
  serializedVersion: 2
  m_Mass: 1
  m_Drag: 0
  m_AngularDrag: 0.05
  m_UseGravity: 0
  m_IsKinematic: 0
  m_Interpolate: 0
  m_Constraints: 0
  m_CollisionDetection: 0
--- !u!135 &1350598223
SphereCollider:
  m_ObjectHideFlags: 0
  m_CorrespondingSourceObject: {fileID: 0}
  m_PrefabInstance: {fileID: 0}
  m_PrefabAsset: {fileID: 0}
  m_GameObject: {fileID: 1350598221}
  m_Material: {fileID: 0}
  m_IsTrigger: 1
  m_Enabled: 1
  serializedVersion: 2
  m_Radius: 20
  m_Center: {x: 0, y: 0, z: 0}
--- !u!114 &1350598222
MonoBehaviour:
  m_ObjectHideFlags: 0
  m_CorrespondingSourceObject: {fileID: 0}
  m_PrefabInstance: {fileID: 0}
  m_PrefabAsset: {fileID: 0}
  m_GameObject: {fileID: 1350598221}
  m_Enabled: 1
  m_EditorHideFlags: 0
  m_Script: {fileID: 11500000, guid: 6484daae637d34b3abe337cd516a2302, type: 3}
  m_Name: 
  m_EditorClassIdentifier: 
  _minDotProduct: 0
  _minDistanceToTarget: 2
  _maxDistanceToTarget: 10
--- !u!54 &210203729
Rigidbody:
  m_ObjectHideFlags: 0
  m_CorrespondingSourceObject: {fileID: 0}
  m_PrefabInstance: {fileID: 0}
  m_PrefabAsset: {fileID: 0}
  m_GameObject: {fileID: 445892828317973416}
  serializedVersion: 2
  m_Mass: 1
  m_Drag: 0
  m_AngularDrag: 0.05
  m_UseGravity: 1
  m_IsKinematic: 1
  m_Interpolate: 0
  m_Constraints: 0
  m_CollisionDetection: 0
--- !u!1 &4689675540033733995
GameObject:
  m_ObjectHideFlags: 0
  m_CorrespondingSourceObject: {fileID: 0}
  m_PrefabInstance: {fileID: 0}
  m_PrefabAsset: {fileID: 0}
  serializedVersion: 6
  m_Component:
  - component: {fileID: 4689675540033733992}
  m_Layer: 0
  m_Name: readyState
  m_TagString: Untagged
  m_Icon: {fileID: 0}
  m_NavMeshLayer: 0
  m_StaticEditorFlags: 0
  m_IsActive: 1
--- !u!4 &4689675540033733992
Transform:
  m_ObjectHideFlags: 0
  m_CorrespondingSourceObject: {fileID: 0}
  m_PrefabInstance: {fileID: 0}
  m_PrefabAsset: {fileID: 0}
  m_GameObject: {fileID: 4689675540033733995}
  m_LocalRotation: {x: 0, y: 0, z: 0, w: 1}
  m_LocalPosition: {x: 0.3, y: -0.7, z: 0.21}
  m_LocalScale: {x: 0.1, y: 0.1, z: 0.1}
  m_Children: []
  m_Father: {fileID: 4689675541109505238}
  m_RootOrder: 1
  m_LocalEulerAnglesHint: {x: 0, y: 0, z: 0}
--- !u!1 &4689675540514429053
GameObject:
  m_ObjectHideFlags: 0
  m_CorrespondingSourceObject: {fileID: 0}
  m_PrefabInstance: {fileID: 0}
  m_PrefabAsset: {fileID: 0}
  serializedVersion: 6
  m_Component:
  - component: {fileID: 4689675540514429042}
  - component: {fileID: 4689675540514429041}
  - component: {fileID: 4689675540514429040}
  m_Layer: 0
  m_Name: Enemy
  m_TagString: Untagged
  m_Icon: {fileID: 0}
  m_NavMeshLayer: 0
  m_StaticEditorFlags: 0
  m_IsActive: 1
--- !u!4 &4689675540514429042
Transform:
  m_ObjectHideFlags: 0
  m_CorrespondingSourceObject: {fileID: 0}
  m_PrefabInstance: {fileID: 0}
  m_PrefabAsset: {fileID: 0}
  m_GameObject: {fileID: 4689675540514429053}
  m_LocalRotation: {x: 0, y: 0, z: 0, w: 1}
  m_LocalPosition: {x: 0, y: 1, z: 0}
  m_LocalScale: {x: 1, y: 1, z: 1}
  m_Children: []
  m_Father: {fileID: 4689675541720389144}
  m_RootOrder: 0
  m_LocalEulerAnglesHint: {x: 0, y: 0, z: 0}
--- !u!33 &4689675540514429041
MeshFilter:
  m_ObjectHideFlags: 0
  m_CorrespondingSourceObject: {fileID: 0}
  m_PrefabInstance: {fileID: 0}
  m_PrefabAsset: {fileID: 0}
  m_GameObject: {fileID: 4689675540514429053}
  m_Mesh: {fileID: 10208, guid: 0000000000000000e000000000000000, type: 0}
--- !u!23 &4689675540514429040
MeshRenderer:
  m_ObjectHideFlags: 0
  m_CorrespondingSourceObject: {fileID: 0}
  m_PrefabInstance: {fileID: 0}
  m_PrefabAsset: {fileID: 0}
  m_GameObject: {fileID: 4689675540514429053}
  m_Enabled: 1
  m_CastShadows: 1
  m_ReceiveShadows: 1
  m_DynamicOccludee: 1
  m_MotionVectors: 1
  m_LightProbeUsage: 1
  m_ReflectionProbeUsage: 1
  m_RayTracingMode: 2
  m_RenderingLayerMask: 1
  m_RendererPriority: 0
  m_Materials:
  - {fileID: 10303, guid: 0000000000000000f000000000000000, type: 0}
  m_StaticBatchInfo:
    firstSubMesh: 0
    subMeshCount: 0
  m_StaticBatchRoot: {fileID: 0}
  m_ProbeAnchor: {fileID: 0}
  m_LightProbeVolumeOverride: {fileID: 0}
  m_ScaleInLightmap: 1
  m_ReceiveGI: 1
  m_PreserveUVs: 0
  m_IgnoreNormalsForChartDetection: 0
  m_ImportantGI: 0
  m_StitchLightmapSeams: 1
  m_SelectedEditorRenderState: 3
  m_MinimumChartSize: 4
  m_AutoUVMaxDistance: 0.5
  m_AutoUVMaxAngle: 89
  m_LightmapParameters: {fileID: 0}
  m_SortingLayerID: 0
  m_SortingLayer: 0
  m_SortingOrder: 0
--- !u!1 &4689675541109505233
GameObject:
  m_ObjectHideFlags: 0
  m_CorrespondingSourceObject: {fileID: 0}
  m_PrefabInstance: {fileID: 0}
  m_PrefabAsset: {fileID: 0}
  serializedVersion: 6
  m_Component:
  - component: {fileID: 4689675541109505238}
  - component: {fileID: 1588009613}
  - component: {fileID: 1588009614}
  m_Layer: 0
  m_Name: Weapon_holder
  m_TagString: Untagged
  m_Icon: {fileID: 0}
  m_NavMeshLayer: 0
  m_StaticEditorFlags: 0
  m_IsActive: 1
--- !u!4 &4689675541109505238
Transform:
  m_ObjectHideFlags: 0
  m_CorrespondingSourceObject: {fileID: 0}
  m_PrefabInstance: {fileID: 0}
  m_PrefabAsset: {fileID: 0}
  m_GameObject: {fileID: 4689675541109505233}
  m_LocalRotation: {x: 0, y: 0, z: 0, w: 1}
  m_LocalPosition: {x: 0, y: 1.6, z: 0}
  m_LocalScale: {x: 1, y: 1, z: 1}
  m_Children:
  - {fileID: 6320541470348377161}
  - {fileID: 4689675540033733992}
  - {fileID: 4689675541315365339}
  - {fileID: 4691154600540340709}
  - {fileID: 4689675541668045802}
  m_Father: {fileID: 4689675541720389144}
  m_RootOrder: 1
  m_LocalEulerAnglesHint: {x: 0, y: 0, z: 0}
--- !u!54 &1588009613
Rigidbody:
  m_ObjectHideFlags: 0
  m_CorrespondingSourceObject: {fileID: 0}
  m_PrefabInstance: {fileID: 0}
  m_PrefabAsset: {fileID: 0}
  m_GameObject: {fileID: 4689675541109505233}
  serializedVersion: 2
  m_Mass: 1
  m_Drag: 0
  m_AngularDrag: 0.05
  m_UseGravity: 1
  m_IsKinematic: 1
  m_Interpolate: 0
  m_Constraints: 0
  m_CollisionDetection: 0
--- !u!135 &1588009614
SphereCollider:
  m_ObjectHideFlags: 0
  m_CorrespondingSourceObject: {fileID: 0}
  m_PrefabInstance: {fileID: 0}
  m_PrefabAsset: {fileID: 0}
  m_GameObject: {fileID: 4689675541109505233}
  m_Material: {fileID: 0}
  m_IsTrigger: 0
  m_Enabled: 1
  serializedVersion: 2
  m_Radius: 0.5
  m_Center: {x: 0, y: 0, z: 0}
--- !u!1 &4689675541315365338
GameObject:
  m_ObjectHideFlags: 0
  m_CorrespondingSourceObject: {fileID: 0}
  m_PrefabInstance: {fileID: 0}
  m_PrefabAsset: {fileID: 0}
  serializedVersion: 6
  m_Component:
  - component: {fileID: 4689675541315365339}
  m_Layer: 0
  m_Name: reloadStaty
  m_TagString: Untagged
  m_Icon: {fileID: 0}
  m_NavMeshLayer: 0
  m_StaticEditorFlags: 0
  m_IsActive: 1
--- !u!4 &4689675541315365339
Transform:
  m_ObjectHideFlags: 0
  m_CorrespondingSourceObject: {fileID: 0}
  m_PrefabInstance: {fileID: 0}
  m_PrefabAsset: {fileID: 0}
  m_GameObject: {fileID: 4689675541315365338}
  m_LocalRotation: {x: 0.13052616, y: 0, z: 0, w: 0.9914449}
  m_LocalPosition: {x: 0.3, y: -0.7, z: 0.21}
  m_LocalScale: {x: 0.1, y: 0.1, z: 0.1}
  m_Children: []
  m_Father: {fileID: 4689675541109505238}
  m_RootOrder: 2
  m_LocalEulerAnglesHint: {x: 15, y: 0, z: 0}
--- !u!1 &4689675541668045813
GameObject:
  m_ObjectHideFlags: 0
  m_CorrespondingSourceObject: {fileID: 0}
  m_PrefabInstance: {fileID: 0}
  m_PrefabAsset: {fileID: 0}
  serializedVersion: 6
  m_Component:
  - component: {fileID: 4689675541668045802}
  m_Layer: 0
  m_Name: bulletPoint
  m_TagString: Untagged
  m_Icon: {fileID: 0}
  m_NavMeshLayer: 0
  m_StaticEditorFlags: 0
  m_IsActive: 1
--- !u!4 &4689675541668045802
Transform:
  m_ObjectHideFlags: 0
  m_CorrespondingSourceObject: {fileID: 0}
  m_PrefabInstance: {fileID: 0}
  m_PrefabAsset: {fileID: 0}
  m_GameObject: {fileID: 4689675541668045813}
  m_LocalRotation: {x: 0, y: 0, z: 0, w: 1}
  m_LocalPosition: {x: 0.3, y: -0.45, z: 1.636}
  m_LocalScale: {x: 1, y: 1, z: 1}
  m_Children: []
  m_Father: {fileID: 4689675541109505238}
  m_RootOrder: 4
  m_LocalEulerAnglesHint: {x: 0, y: 0, z: 0}
--- !u!1 &4689675541720389147
GameObject:
  m_ObjectHideFlags: 0
  m_CorrespondingSourceObject: {fileID: 0}
  m_PrefabInstance: {fileID: 0}
  m_PrefabAsset: {fileID: 0}
  serializedVersion: 6
  m_Component:
  - component: {fileID: 4689675541720389144}
  - component: {fileID: 6630873348833078217}
  - component: {fileID: 2772467334046961991}
  - component: {fileID: 1964552261}
  m_Layer: 0
  m_Name: Enemy
  m_TagString: Untagged
  m_Icon: {fileID: 0}
  m_NavMeshLayer: 0
  m_StaticEditorFlags: 0
  m_IsActive: 1
--- !u!4 &4689675541720389144
Transform:
  m_ObjectHideFlags: 0
  m_CorrespondingSourceObject: {fileID: 0}
  m_PrefabInstance: {fileID: 0}
  m_PrefabAsset: {fileID: 0}
  m_GameObject: {fileID: 4689675541720389147}
  m_LocalRotation: {x: 0, y: 0, z: 0, w: 1}
  m_LocalPosition: {x: 3, y: 0, z: 3}
  m_LocalScale: {x: 1, y: 1, z: 1}
  m_Children:
  - {fileID: 4689675540514429042}
  - {fileID: 4689675541109505238}
  - {fileID: 4605505430503691004}
  - {fileID: 1350598225}
  m_Father: {fileID: 0}
  m_RootOrder: 0
  m_LocalEulerAnglesHint: {x: 0, y: 0, z: 0}
--- !u!143 &6630873348833078217
CharacterController:
  m_ObjectHideFlags: 0
  m_CorrespondingSourceObject: {fileID: 0}
  m_PrefabInstance: {fileID: 0}
  m_PrefabAsset: {fileID: 0}
  m_GameObject: {fileID: 4689675541720389147}
  m_Material: {fileID: 0}
  m_IsTrigger: 0
  m_Enabled: 1
  serializedVersion: 2
  m_Height: 2
  m_Radius: 0.5
  m_SlopeLimit: 45
  m_StepOffset: 0.3
  m_SkinWidth: 0.08
  m_MinMoveDistance: 0.001
  m_Center: {x: 0, y: 1, z: 0}
--- !u!114 &2772467334046961991
MonoBehaviour:
  m_ObjectHideFlags: 0
  m_CorrespondingSourceObject: {fileID: 0}
  m_PrefabInstance: {fileID: 0}
  m_PrefabAsset: {fileID: 0}
  m_GameObject: {fileID: 4689675541720389147}
  m_Enabled: 1
  m_EditorHideFlags: 0
  m_Script: {fileID: 11500000, guid: f3267c50174744c14814d58b6cd5f810, type: 3}
  m_Name: 
  m_EditorClassIdentifier: 
  _groundLayer: Ground
  _healthOnStart: 100
  _deadHeight: -30
  _dotProductForShoot: 0.9
  _useAutoInitialization: 1
  _forwardSpeed: 100
  _rotationSpeed: 100
  _minAngle: 1
  _distanceToGround: 0.2
  _camera: {fileID: 4689675541109505238}
  _weapon: {fileID: 1037108717672552153}
  _ai: {fileID: 1350598222}
  _explosionParticleSystem: {fileID: 4411619617120217426}
  _pool: {fileID: 0}
--- !u!114 &1964552261
MonoBehaviour:
  m_ObjectHideFlags: 0
  m_CorrespondingSourceObject: {fileID: 0}
  m_PrefabInstance: {fileID: 0}
  m_PrefabAsset: {fileID: 0}
  m_GameObject: {fileID: 4689675541720389147}
  m_Enabled: 1
  m_EditorHideFlags: 0
  m_Script: {fileID: 11500000, guid: 2c03d30c6af2b4731a699f5913f98ef0, type: 3}
  m_Name: 
  m_EditorClassIdentifier: 
--- !u!1001 &4610351319257317152
PrefabInstance:
  m_ObjectHideFlags: 0
  serializedVersion: 2
  m_Modification:
    m_TransformParent: {fileID: 4689675541720389144}
    m_Modifications:
    - target: {fileID: 1329845292236604, guid: 9bba9cf244c53c5439505dfc96fdd11c, type: 3}
      propertyPath: m_Name
      value: EnergyExplosion
      objectReference: {fileID: 0}
    - target: {fileID: 4865135451303388, guid: 9bba9cf244c53c5439505dfc96fdd11c, type: 3}
      propertyPath: m_RootOrder
      value: 2
      objectReference: {fileID: 0}
    - target: {fileID: 4865135451303388, guid: 9bba9cf244c53c5439505dfc96fdd11c, type: 3}
      propertyPath: m_LocalPosition.x
      value: 0
      objectReference: {fileID: 0}
    - target: {fileID: 4865135451303388, guid: 9bba9cf244c53c5439505dfc96fdd11c, type: 3}
      propertyPath: m_LocalPosition.y
      value: 0.93
      objectReference: {fileID: 0}
    - target: {fileID: 4865135451303388, guid: 9bba9cf244c53c5439505dfc96fdd11c, type: 3}
      propertyPath: m_LocalPosition.z
      value: 0
      objectReference: {fileID: 0}
    - target: {fileID: 4865135451303388, guid: 9bba9cf244c53c5439505dfc96fdd11c, type: 3}
      propertyPath: m_LocalRotation.w
      value: 0.7071068
      objectReference: {fileID: 0}
    - target: {fileID: 4865135451303388, guid: 9bba9cf244c53c5439505dfc96fdd11c, type: 3}
      propertyPath: m_LocalRotation.x
      value: -0.7071068
      objectReference: {fileID: 0}
    - target: {fileID: 4865135451303388, guid: 9bba9cf244c53c5439505dfc96fdd11c, type: 3}
      propertyPath: m_LocalRotation.y
      value: 0
      objectReference: {fileID: 0}
    - target: {fileID: 4865135451303388, guid: 9bba9cf244c53c5439505dfc96fdd11c, type: 3}
      propertyPath: m_LocalRotation.z
      value: 0
      objectReference: {fileID: 0}
    - target: {fileID: 4865135451303388, guid: 9bba9cf244c53c5439505dfc96fdd11c, type: 3}
      propertyPath: m_LocalEulerAnglesHint.x
      value: -90
      objectReference: {fileID: 0}
    - target: {fileID: 4865135451303388, guid: 9bba9cf244c53c5439505dfc96fdd11c, type: 3}
      propertyPath: m_LocalEulerAnglesHint.y
      value: 0
      objectReference: {fileID: 0}
    - target: {fileID: 4865135451303388, guid: 9bba9cf244c53c5439505dfc96fdd11c, type: 3}
      propertyPath: m_LocalEulerAnglesHint.z
      value: 0
      objectReference: {fileID: 0}
    - target: {fileID: 198290536301647374, guid: 9bba9cf244c53c5439505dfc96fdd11c,
        type: 3}
      propertyPath: looping
      value: 0
      objectReference: {fileID: 0}
    - target: {fileID: 198430744222593168, guid: 9bba9cf244c53c5439505dfc96fdd11c,
        type: 3}
      propertyPath: looping
      value: 0
      objectReference: {fileID: 0}
    - target: {fileID: 198683768918104910, guid: 9bba9cf244c53c5439505dfc96fdd11c,
        type: 3}
      propertyPath: looping
      value: 0
      objectReference: {fileID: 0}
    m_RemovedComponents: []
  m_SourcePrefab: {fileID: 100100000, guid: 9bba9cf244c53c5439505dfc96fdd11c, type: 3}
--- !u!4 &4605505430503691004 stripped
Transform:
  m_CorrespondingSourceObject: {fileID: 4865135451303388, guid: 9bba9cf244c53c5439505dfc96fdd11c,
    type: 3}
  m_PrefabInstance: {fileID: 4610351319257317152}
  m_PrefabAsset: {fileID: 0}
--- !u!198 &4411619617120217426 stripped
ParticleSystem:
  m_CorrespondingSourceObject: {fileID: 198856239026640498, guid: 9bba9cf244c53c5439505dfc96fdd11c,
    type: 3}
  m_PrefabInstance: {fileID: 4610351319257317152}
  m_PrefabAsset: {fileID: 0}
--- !u!1001 &4689675541079567857
PrefabInstance:
  m_ObjectHideFlags: 0
  serializedVersion: 2
  m_Modification:
    m_TransformParent: {fileID: 4689675541109505238}
    m_Modifications:
    - target: {fileID: 1743301284569550, guid: ad2ab49d0a2a17148bd51c93d977bdbc, type: 3}
      propertyPath: m_Name
      value: MuzzleFlash01
      objectReference: {fileID: 0}
    - target: {fileID: 4300533007854612, guid: ad2ab49d0a2a17148bd51c93d977bdbc, type: 3}
      propertyPath: m_RootOrder
      value: 3
      objectReference: {fileID: 0}
    - target: {fileID: 4300533007854612, guid: ad2ab49d0a2a17148bd51c93d977bdbc, type: 3}
      propertyPath: m_LocalPosition.x
      value: 0.3
      objectReference: {fileID: 0}
    - target: {fileID: 4300533007854612, guid: ad2ab49d0a2a17148bd51c93d977bdbc, type: 3}
      propertyPath: m_LocalPosition.y
      value: -0.45
      objectReference: {fileID: 0}
    - target: {fileID: 4300533007854612, guid: ad2ab49d0a2a17148bd51c93d977bdbc, type: 3}
      propertyPath: m_LocalPosition.z
      value: 1.79
      objectReference: {fileID: 0}
    - target: {fileID: 4300533007854612, guid: ad2ab49d0a2a17148bd51c93d977bdbc, type: 3}
      propertyPath: m_LocalRotation.w
      value: 1
      objectReference: {fileID: 0}
    - target: {fileID: 4300533007854612, guid: ad2ab49d0a2a17148bd51c93d977bdbc, type: 3}
      propertyPath: m_LocalRotation.x
      value: 0
      objectReference: {fileID: 0}
    - target: {fileID: 4300533007854612, guid: ad2ab49d0a2a17148bd51c93d977bdbc, type: 3}
      propertyPath: m_LocalRotation.y
      value: 0
      objectReference: {fileID: 0}
    - target: {fileID: 4300533007854612, guid: ad2ab49d0a2a17148bd51c93d977bdbc, type: 3}
      propertyPath: m_LocalRotation.z
      value: 0
      objectReference: {fileID: 0}
    - target: {fileID: 4300533007854612, guid: ad2ab49d0a2a17148bd51c93d977bdbc, type: 3}
      propertyPath: m_LocalEulerAnglesHint.x
      value: 0
      objectReference: {fileID: 0}
    - target: {fileID: 4300533007854612, guid: ad2ab49d0a2a17148bd51c93d977bdbc, type: 3}
      propertyPath: m_LocalEulerAnglesHint.y
      value: 0
      objectReference: {fileID: 0}
    - target: {fileID: 4300533007854612, guid: ad2ab49d0a2a17148bd51c93d977bdbc, type: 3}
      propertyPath: m_LocalEulerAnglesHint.z
      value: 0
      objectReference: {fileID: 0}
    - target: {fileID: 198234346748616026, guid: ad2ab49d0a2a17148bd51c93d977bdbc,
        type: 3}
      propertyPath: looping
      value: 0
      objectReference: {fileID: 0}
    - target: {fileID: 198234346748616026, guid: ad2ab49d0a2a17148bd51c93d977bdbc,
        type: 3}
      propertyPath: playOnAwake
      value: 0
      objectReference: {fileID: 0}
    - target: {fileID: 198234346748616026, guid: ad2ab49d0a2a17148bd51c93d977bdbc,
        type: 3}
      propertyPath: UVModule.flipV
      value: 0
      objectReference: {fileID: 0}
    - target: {fileID: 198515452120210940, guid: ad2ab49d0a2a17148bd51c93d977bdbc,
        type: 3}
      propertyPath: playOnAwake
      value: 0
      objectReference: {fileID: 0}
    - target: {fileID: 198515452120210940, guid: ad2ab49d0a2a17148bd51c93d977bdbc,
        type: 3}
      propertyPath: UVModule.flipU
      value: 0
      objectReference: {fileID: 0}
    - target: {fileID: 198515452120210940, guid: ad2ab49d0a2a17148bd51c93d977bdbc,
        type: 3}
      propertyPath: UVModule.flipV
      value: 0
      objectReference: {fileID: 0}
    - target: {fileID: 199338666435788112, guid: ad2ab49d0a2a17148bd51c93d977bdbc,
        type: 3}
      propertyPath: m_Materials.Array.size
      value: 1
      objectReference: {fileID: 0}
    - target: {fileID: 199409127382122440, guid: ad2ab49d0a2a17148bd51c93d977bdbc,
        type: 3}
      propertyPath: m_Materials.Array.size
      value: 1
      objectReference: {fileID: 0}
    m_RemovedComponents: []
  m_SourcePrefab: {fileID: 100100000, guid: ad2ab49d0a2a17148bd51c93d977bdbc, type: 3}
--- !u!4 &4691154600540340709 stripped
Transform:
  m_CorrespondingSourceObject: {fileID: 4300533007854612, guid: ad2ab49d0a2a17148bd51c93d977bdbc,
    type: 3}
  m_PrefabInstance: {fileID: 4689675541079567857}
  m_PrefabAsset: {fileID: 0}
--- !u!198 &4887907632965824683 stripped
ParticleSystem:
  m_CorrespondingSourceObject: {fileID: 198234346748616026, guid: ad2ab49d0a2a17148bd51c93d977bdbc,
    type: 3}
  m_PrefabInstance: {fileID: 4689675541079567857}
  m_PrefabAsset: {fileID: 0}
--- !u!1001 &4689675541583416068
PrefabInstance:
  m_ObjectHideFlags: 0
  serializedVersion: 2
  m_Modification:
    m_TransformParent: {fileID: 4689675541109505238}
    m_Modifications:
    - target: {fileID: 1630868162945201997, guid: 89bc3957df873c4469729619f7279ea3,
        type: 3}
      propertyPath: m_RootOrder
      value: 0
      objectReference: {fileID: 0}
    - target: {fileID: 1630868162945201997, guid: 89bc3957df873c4469729619f7279ea3,
        type: 3}
      propertyPath: m_LocalPosition.x
      value: 0.3
      objectReference: {fileID: 0}
    - target: {fileID: 1630868162945201997, guid: 89bc3957df873c4469729619f7279ea3,
        type: 3}
      propertyPath: m_LocalPosition.y
      value: -0.7
      objectReference: {fileID: 0}
    - target: {fileID: 1630868162945201997, guid: 89bc3957df873c4469729619f7279ea3,
        type: 3}
      propertyPath: m_LocalPosition.z
      value: 0.21
      objectReference: {fileID: 0}
    - target: {fileID: 1630868162945201997, guid: 89bc3957df873c4469729619f7279ea3,
        type: 3}
      propertyPath: m_LocalRotation.w
      value: 1
      objectReference: {fileID: 0}
    - target: {fileID: 1630868162945201997, guid: 89bc3957df873c4469729619f7279ea3,
        type: 3}
      propertyPath: m_LocalRotation.x
      value: -0
      objectReference: {fileID: 0}
    - target: {fileID: 1630868162945201997, guid: 89bc3957df873c4469729619f7279ea3,
        type: 3}
      propertyPath: m_LocalRotation.y
      value: -0
      objectReference: {fileID: 0}
    - target: {fileID: 1630868162945201997, guid: 89bc3957df873c4469729619f7279ea3,
        type: 3}
      propertyPath: m_LocalRotation.z
      value: -0
      objectReference: {fileID: 0}
    - target: {fileID: 1630868162945201997, guid: 89bc3957df873c4469729619f7279ea3,
        type: 3}
      propertyPath: m_LocalEulerAnglesHint.x
      value: 0
      objectReference: {fileID: 0}
    - target: {fileID: 1630868162945201997, guid: 89bc3957df873c4469729619f7279ea3,
        type: 3}
      propertyPath: m_LocalEulerAnglesHint.y
      value: 0
      objectReference: {fileID: 0}
    - target: {fileID: 1630868162945201997, guid: 89bc3957df873c4469729619f7279ea3,
        type: 3}
      propertyPath: m_LocalEulerAnglesHint.z
      value: 0
      objectReference: {fileID: 0}
    - target: {fileID: 5126558884926042284, guid: 89bc3957df873c4469729619f7279ea3,
        type: 3}
      propertyPath: m_Name
      value: Weapon
      objectReference: {fileID: 0}
    - target: {fileID: 5724532439905181149, guid: 89bc3957df873c4469729619f7279ea3,
        type: 3}
      propertyPath: _pool
      value: 
      objectReference: {fileID: 0}
    - target: {fileID: 5724532439905181149, guid: 89bc3957df873c4469729619f7279ea3,
        type: 3}
      propertyPath: _normalState
      value: 
      objectReference: {fileID: 4689675540033733992}
    - target: {fileID: 5724532439905181149, guid: 89bc3957df873c4469729619f7279ea3,
        type: 3}
      propertyPath: _ownerObject
      value: 
      objectReference: {fileID: 4689675541720389147}
    - target: {fileID: 5724532439905181149, guid: 89bc3957df873c4469729619f7279ea3,
        type: 3}
      propertyPath: _particleSystem
      value: 
      objectReference: {fileID: 4887907632965824683}
    - target: {fileID: 5724532439905181149, guid: 89bc3957df873c4469729619f7279ea3,
        type: 3}
      propertyPath: _reloadingState
      value: 
      objectReference: {fileID: 4689675541315365339}
    - target: {fileID: 5724532439905181149, guid: 89bc3957df873c4469729619f7279ea3,
        type: 3}
      propertyPath: _startBulletPoint
      value: 
      objectReference: {fileID: 4689675541668045802}
    m_RemovedComponents: []
  m_SourcePrefab: {fileID: 100100000, guid: 89bc3957df873c4469729619f7279ea3, type: 3}
--- !u!114 &1037108717672552153 stripped
MonoBehaviour:
  m_CorrespondingSourceObject: {fileID: 5724532439905181149, guid: 89bc3957df873c4469729619f7279ea3,
    type: 3}
  m_PrefabInstance: {fileID: 4689675541583416068}
  m_PrefabAsset: {fileID: 0}
  m_GameObject: {fileID: 445892828317973416}
  m_Enabled: 1
  m_EditorHideFlags: 0
  m_Script: {fileID: 11500000, guid: 3f6a9425d587f42b38da411ffbf2c53e, type: 3}
  m_Name: 
  m_EditorClassIdentifier: 
--- !u!4 &6320541470348377161 stripped
Transform:
  m_CorrespondingSourceObject: {fileID: 1630868162945201997, guid: 89bc3957df873c4469729619f7279ea3,
    type: 3}
  m_PrefabInstance: {fileID: 4689675541583416068}
  m_PrefabAsset: {fileID: 0}
--- !u!1 &445892828317973416 stripped
GameObject:
  m_CorrespondingSourceObject: {fileID: 5126558884926042284, guid: 89bc3957df873c4469729619f7279ea3,
    type: 3}
  m_PrefabInstance: {fileID: 4689675541583416068}
  m_PrefabAsset: {fileID: 0}
