%YAML 1.1
%TAG !u! tag:unity3d.com,2011:
--- !u!1 &7496604568266436229
GameObject:
  m_ObjectHideFlags: 0
  m_CorrespondingSourceObject: {fileID: 0}
  m_PrefabInstance: {fileID: 0}
  m_PrefabAsset: {fileID: 0}
  serializedVersion: 6
  m_Component:
  - component: {fileID: 2538822281537984206}
  - component: {fileID: 1409249994750793649}
  m_Layer: 0
  m_Name: Floor
  m_TagString: Untagged
  m_Icon: {fileID: 0}
  m_NavMeshLayer: 0
  m_StaticEditorFlags: 0
  m_IsActive: 1
--- !u!4 &2538822281537984206
Transform:
  m_ObjectHideFlags: 0
  m_CorrespondingSourceObject: {fileID: 0}
  m_PrefabInstance: {fileID: 0}
  m_PrefabAsset: {fileID: 0}
  m_GameObject: {fileID: 7496604568266436229}
  m_LocalRotation: {x: 0, y: 0, z: 0, w: 1}
  m_LocalPosition: {x: 0, y: 0, z: 0}
  m_LocalScale: {x: 1, y: 1, z: 1}
  m_Children:
  - {fileID: 1226994537610260970}
  - {fileID: 684338514501026545}
  - {fileID: 473476358847180247}
  - {fileID: 4487022934492652036}
  - {fileID: 5858994751008785435}
  - {fileID: 8292945354145170778}
  - {fileID: 2556369936462241137}
  - {fileID: 8374194484024998288}
  m_Father: {fileID: 0}
  m_RootOrder: 0
  m_LocalEulerAnglesHint: {x: 0, y: 0, z: 0}
--- !u!65 &1409249994750793649
BoxCollider:
  m_ObjectHideFlags: 0
  m_CorrespondingSourceObject: {fileID: 0}
  m_PrefabInstance: {fileID: 0}
  m_PrefabAsset: {fileID: 0}
  m_GameObject: {fileID: 7496604568266436229}
  m_Material: {fileID: 0}
  m_IsTrigger: 0
  m_Enabled: 1
  serializedVersion: 2
  m_Size: {x: 50, y: 1, z: 75}
  m_Center: {x: 0, y: 0, z: 30}
--- !u!1001 &1339346236190564734
PrefabInstance:
  m_ObjectHideFlags: 0
  serializedVersion: 2
  m_Modification:
    m_TransformParent: {fileID: 2538822281537984206}
    m_Modifications:
    - target: {fileID: 3230008765249094522, guid: 9f686aec91014c443bdb2a27529c34c8,
        type: 3}
      propertyPath: m_RootOrder
      value: 3
      objectReference: {fileID: 0}
    - target: {fileID: 3230008765249094522, guid: 9f686aec91014c443bdb2a27529c34c8,
        type: 3}
      propertyPath: m_LocalPosition.x
      value: 0
      objectReference: {fileID: 0}
    - target: {fileID: 3230008765249094522, guid: 9f686aec91014c443bdb2a27529c34c8,
        type: 3}
      propertyPath: m_LocalPosition.y
      value: 0
      objectReference: {fileID: 0}
    - target: {fileID: 3230008765249094522, guid: 9f686aec91014c443bdb2a27529c34c8,
        type: 3}
      propertyPath: m_LocalPosition.z
      value: 0
      objectReference: {fileID: 0}
    - target: {fileID: 3230008765249094522, guid: 9f686aec91014c443bdb2a27529c34c8,
        type: 3}
      propertyPath: m_LocalRotation.w
      value: 1
      objectReference: {fileID: 0}
    - target: {fileID: 3230008765249094522, guid: 9f686aec91014c443bdb2a27529c34c8,
        type: 3}
      propertyPath: m_LocalRotation.x
      value: 0
      objectReference: {fileID: 0}
    - target: {fileID: 3230008765249094522, guid: 9f686aec91014c443bdb2a27529c34c8,
        type: 3}
      propertyPath: m_LocalRotation.y
      value: 0
      objectReference: {fileID: 0}
    - target: {fileID: 3230008765249094522, guid: 9f686aec91014c443bdb2a27529c34c8,
        type: 3}
      propertyPath: m_LocalRotation.z
      value: 0
      objectReference: {fileID: 0}
    - target: {fileID: 3230008765249094522, guid: 9f686aec91014c443bdb2a27529c34c8,
        type: 3}
      propertyPath: m_LocalEulerAnglesHint.x
      value: 0
      objectReference: {fileID: 0}
    - target: {fileID: 3230008765249094522, guid: 9f686aec91014c443bdb2a27529c34c8,
        type: 3}
      propertyPath: m_LocalEulerAnglesHint.y
      value: 0
      objectReference: {fileID: 0}
    - target: {fileID: 3230008765249094522, guid: 9f686aec91014c443bdb2a27529c34c8,
        type: 3}
      propertyPath: m_LocalEulerAnglesHint.z
      value: 0
      objectReference: {fileID: 0}
    - target: {fileID: 4278372149967469862, guid: 9f686aec91014c443bdb2a27529c34c8,
        type: 3}
      propertyPath: m_Name
      value: Froor_block_3
      objectReference: {fileID: 0}
    m_RemovedComponents: []
  m_SourcePrefab: {fileID: 100100000, guid: 9f686aec91014c443bdb2a27529c34c8, type: 3}
--- !u!4 &4487022934492652036 stripped
Transform:
  m_CorrespondingSourceObject: {fileID: 3230008765249094522, guid: 9f686aec91014c443bdb2a27529c34c8,
    type: 3}
  m_PrefabInstance: {fileID: 1339346236190564734}
  m_PrefabAsset: {fileID: 0}
--- !u!1001 &4621935056787797259
PrefabInstance:
  m_ObjectHideFlags: 0
  serializedVersion: 2
  m_Modification:
    m_TransformParent: {fileID: 2538822281537984206}
    m_Modifications:
    - target: {fileID: 5285866085628852218, guid: 09b3418c3b9a53749bbe3cf0cafa0c38,
        type: 3}
      propertyPath: m_RootOrder
      value: 1
      objectReference: {fileID: 0}
    - target: {fileID: 5285866085628852218, guid: 09b3418c3b9a53749bbe3cf0cafa0c38,
        type: 3}
      propertyPath: m_LocalPosition.x
      value: -24
      objectReference: {fileID: 0}
    - target: {fileID: 5285866085628852218, guid: 09b3418c3b9a53749bbe3cf0cafa0c38,
        type: 3}
      propertyPath: m_LocalPosition.y
      value: 0
      objectReference: {fileID: 0}
    - target: {fileID: 5285866085628852218, guid: 09b3418c3b9a53749bbe3cf0cafa0c38,
        type: 3}
      propertyPath: m_LocalPosition.z
      value: 18
      objectReference: {fileID: 0}
    - target: {fileID: 5285866085628852218, guid: 09b3418c3b9a53749bbe3cf0cafa0c38,
        type: 3}
      propertyPath: m_LocalRotation.w
      value: 1
      objectReference: {fileID: 0}
    - target: {fileID: 5285866085628852218, guid: 09b3418c3b9a53749bbe3cf0cafa0c38,
        type: 3}
      propertyPath: m_LocalRotation.x
      value: 0
      objectReference: {fileID: 0}
    - target: {fileID: 5285866085628852218, guid: 09b3418c3b9a53749bbe3cf0cafa0c38,
        type: 3}
      propertyPath: m_LocalRotation.y
      value: 0
      objectReference: {fileID: 0}
    - target: {fileID: 5285866085628852218, guid: 09b3418c3b9a53749bbe3cf0cafa0c38,
        type: 3}
      propertyPath: m_LocalRotation.z
      value: 0
      objectReference: {fileID: 0}
    - target: {fileID: 5285866085628852218, guid: 09b3418c3b9a53749bbe3cf0cafa0c38,
        type: 3}
      propertyPath: m_LocalEulerAnglesHint.x
      value: 0
      objectReference: {fileID: 0}
    - target: {fileID: 5285866085628852218, guid: 09b3418c3b9a53749bbe3cf0cafa0c38,
        type: 3}
      propertyPath: m_LocalEulerAnglesHint.y
      value: 0
      objectReference: {fileID: 0}
    - target: {fileID: 5285866085628852218, guid: 09b3418c3b9a53749bbe3cf0cafa0c38,
        type: 3}
      propertyPath: m_LocalEulerAnglesHint.z
      value: 0
      objectReference: {fileID: 0}
    - target: {fileID: 7335719699336611432, guid: 09b3418c3b9a53749bbe3cf0cafa0c38,
        type: 3}
      propertyPath: m_Name
      value: Floor_12
      objectReference: {fileID: 0}
    m_RemovedComponents: []
  m_SourcePrefab: {fileID: 100100000, guid: 09b3418c3b9a53749bbe3cf0cafa0c38, type: 3}
--- !u!4 &684338514501026545 stripped
Transform:
  m_CorrespondingSourceObject: {fileID: 5285866085628852218, guid: 09b3418c3b9a53749bbe3cf0cafa0c38,
    type: 3}
  m_PrefabInstance: {fileID: 4621935056787797259}
  m_PrefabAsset: {fileID: 0}
--- !u!1001 &5749138561027840557
PrefabInstance:
  m_ObjectHideFlags: 0
  serializedVersion: 2
  m_Modification:
    m_TransformParent: {fileID: 2538822281537984206}
    m_Modifications:
    - target: {fileID: 5285866085628852218, guid: 09b3418c3b9a53749bbe3cf0cafa0c38,
        type: 3}
      propertyPath: m_RootOrder
      value: 2
      objectReference: {fileID: 0}
    - target: {fileID: 5285866085628852218, guid: 09b3418c3b9a53749bbe3cf0cafa0c38,
        type: 3}
      propertyPath: m_LocalPosition.x
      value: -24
      objectReference: {fileID: 0}
    - target: {fileID: 5285866085628852218, guid: 09b3418c3b9a53749bbe3cf0cafa0c38,
        type: 3}
      propertyPath: m_LocalPosition.y
      value: 0
      objectReference: {fileID: 0}
    - target: {fileID: 5285866085628852218, guid: 09b3418c3b9a53749bbe3cf0cafa0c38,
        type: 3}
      propertyPath: m_LocalPosition.z
      value: 0
      objectReference: {fileID: 0}
    - target: {fileID: 5285866085628852218, guid: 09b3418c3b9a53749bbe3cf0cafa0c38,
        type: 3}
      propertyPath: m_LocalRotation.w
      value: 1
      objectReference: {fileID: 0}
    - target: {fileID: 5285866085628852218, guid: 09b3418c3b9a53749bbe3cf0cafa0c38,
        type: 3}
      propertyPath: m_LocalRotation.x
      value: 0
      objectReference: {fileID: 0}
    - target: {fileID: 5285866085628852218, guid: 09b3418c3b9a53749bbe3cf0cafa0c38,
        type: 3}
      propertyPath: m_LocalRotation.y
      value: 0
      objectReference: {fileID: 0}
    - target: {fileID: 5285866085628852218, guid: 09b3418c3b9a53749bbe3cf0cafa0c38,
        type: 3}
      propertyPath: m_LocalRotation.z
      value: 0
      objectReference: {fileID: 0}
    - target: {fileID: 5285866085628852218, guid: 09b3418c3b9a53749bbe3cf0cafa0c38,
        type: 3}
      propertyPath: m_LocalEulerAnglesHint.x
      value: 0
      objectReference: {fileID: 0}
    - target: {fileID: 5285866085628852218, guid: 09b3418c3b9a53749bbe3cf0cafa0c38,
        type: 3}
      propertyPath: m_LocalEulerAnglesHint.y
      value: 0
      objectReference: {fileID: 0}
    - target: {fileID: 5285866085628852218, guid: 09b3418c3b9a53749bbe3cf0cafa0c38,
        type: 3}
      propertyPath: m_LocalEulerAnglesHint.z
      value: 0
      objectReference: {fileID: 0}
    - target: {fileID: 7335719699336611432, guid: 09b3418c3b9a53749bbe3cf0cafa0c38,
        type: 3}
      propertyPath: m_Name
      value: Floor_12 (1)
      objectReference: {fileID: 0}
    m_RemovedComponents: []
  m_SourcePrefab: {fileID: 100100000, guid: 09b3418c3b9a53749bbe3cf0cafa0c38, type: 3}
--- !u!4 &473476358847180247 stripped
Transform:
  m_CorrespondingSourceObject: {fileID: 5285866085628852218, guid: 09b3418c3b9a53749bbe3cf0cafa0c38,
    type: 3}
  m_PrefabInstance: {fileID: 5749138561027840557}
  m_PrefabAsset: {fileID: 0}
--- !u!1001 &6366966400114460176
PrefabInstance:
  m_ObjectHideFlags: 0
  serializedVersion: 2
  m_Modification:
    m_TransformParent: {fileID: 2538822281537984206}
    m_Modifications:
    - target: {fileID: 5285866085628852218, guid: 09b3418c3b9a53749bbe3cf0cafa0c38,
        type: 3}
      propertyPath: m_RootOrder
      value: 0
      objectReference: {fileID: 0}
    - target: {fileID: 5285866085628852218, guid: 09b3418c3b9a53749bbe3cf0cafa0c38,
        type: 3}
      propertyPath: m_LocalPosition.x
      value: 0
      objectReference: {fileID: 0}
    - target: {fileID: 5285866085628852218, guid: 09b3418c3b9a53749bbe3cf0cafa0c38,
        type: 3}
      propertyPath: m_LocalPosition.y
      value: 0
      objectReference: {fileID: 0}
    - target: {fileID: 5285866085628852218, guid: 09b3418c3b9a53749bbe3cf0cafa0c38,
        type: 3}
      propertyPath: m_LocalPosition.z
      value: 0
      objectReference: {fileID: 0}
    - target: {fileID: 5285866085628852218, guid: 09b3418c3b9a53749bbe3cf0cafa0c38,
        type: 3}
      propertyPath: m_LocalRotation.w
      value: 1
      objectReference: {fileID: 0}
    - target: {fileID: 5285866085628852218, guid: 09b3418c3b9a53749bbe3cf0cafa0c38,
        type: 3}
      propertyPath: m_LocalRotation.x
      value: 0
      objectReference: {fileID: 0}
    - target: {fileID: 5285866085628852218, guid: 09b3418c3b9a53749bbe3cf0cafa0c38,
        type: 3}
      propertyPath: m_LocalRotation.y
      value: 0
      objectReference: {fileID: 0}
    - target: {fileID: 5285866085628852218, guid: 09b3418c3b9a53749bbe3cf0cafa0c38,
        type: 3}
      propertyPath: m_LocalRotation.z
      value: 0
      objectReference: {fileID: 0}
    - target: {fileID: 5285866085628852218, guid: 09b3418c3b9a53749bbe3cf0cafa0c38,
        type: 3}
      propertyPath: m_LocalEulerAnglesHint.x
      value: 0
      objectReference: {fileID: 0}
    - target: {fileID: 5285866085628852218, guid: 09b3418c3b9a53749bbe3cf0cafa0c38,
        type: 3}
      propertyPath: m_LocalEulerAnglesHint.y
      value: 0
      objectReference: {fileID: 0}
    - target: {fileID: 5285866085628852218, guid: 09b3418c3b9a53749bbe3cf0cafa0c38,
        type: 3}
      propertyPath: m_LocalEulerAnglesHint.z
      value: 0
      objectReference: {fileID: 0}
    - target: {fileID: 7335719699336611432, guid: 09b3418c3b9a53749bbe3cf0cafa0c38,
        type: 3}
      propertyPath: m_Name
      value: Floor_4*3
      objectReference: {fileID: 0}
    m_RemovedComponents: []
  m_SourcePrefab: {fileID: 100100000, guid: 09b3418c3b9a53749bbe3cf0cafa0c38, type: 3}
--- !u!4 &1226994537610260970 stripped
Transform:
  m_CorrespondingSourceObject: {fileID: 5285866085628852218, guid: 09b3418c3b9a53749bbe3cf0cafa0c38,
    type: 3}
  m_PrefabInstance: {fileID: 6366966400114460176}
  m_PrefabAsset: {fileID: 0}
--- !u!1001 &6405339506492996330
PrefabInstance:
  m_ObjectHideFlags: 0
  serializedVersion: 2
  m_Modification:
    m_TransformParent: {fileID: 2538822281537984206}
    m_Modifications:
    - target: {fileID: 3230008765249094522, guid: 9f686aec91014c443bdb2a27529c34c8,
        type: 3}
      propertyPath: m_RootOrder
      value: 7
      objectReference: {fileID: 0}
    - target: {fileID: 3230008765249094522, guid: 9f686aec91014c443bdb2a27529c34c8,
        type: 3}
      propertyPath: m_LocalPosition.x
      value: 6
      objectReference: {fileID: 0}
    - target: {fileID: 3230008765249094522, guid: 9f686aec91014c443bdb2a27529c34c8,
        type: 3}
      propertyPath: m_LocalPosition.y
      value: 0
      objectReference: {fileID: 0}
    - target: {fileID: 3230008765249094522, guid: 9f686aec91014c443bdb2a27529c34c8,
        type: 3}
      propertyPath: m_LocalPosition.z
      value: -18
      objectReference: {fileID: 0}
    - target: {fileID: 3230008765249094522, guid: 9f686aec91014c443bdb2a27529c34c8,
        type: 3}
      propertyPath: m_LocalRotation.w
      value: 1
      objectReference: {fileID: 0}
    - target: {fileID: 3230008765249094522, guid: 9f686aec91014c443bdb2a27529c34c8,
        type: 3}
      propertyPath: m_LocalRotation.x
      value: 0
      objectReference: {fileID: 0}
    - target: {fileID: 3230008765249094522, guid: 9f686aec91014c443bdb2a27529c34c8,
        type: 3}
      propertyPath: m_LocalRotation.y
      value: 0
      objectReference: {fileID: 0}
    - target: {fileID: 3230008765249094522, guid: 9f686aec91014c443bdb2a27529c34c8,
        type: 3}
      propertyPath: m_LocalRotation.z
      value: 0
      objectReference: {fileID: 0}
    - target: {fileID: 3230008765249094522, guid: 9f686aec91014c443bdb2a27529c34c8,
        type: 3}
      propertyPath: m_LocalEulerAnglesHint.x
      value: 0
      objectReference: {fileID: 0}
    - target: {fileID: 3230008765249094522, guid: 9f686aec91014c443bdb2a27529c34c8,
        type: 3}
      propertyPath: m_LocalEulerAnglesHint.y
      value: 0
      objectReference: {fileID: 0}
    - target: {fileID: 3230008765249094522, guid: 9f686aec91014c443bdb2a27529c34c8,
        type: 3}
      propertyPath: m_LocalEulerAnglesHint.z
      value: 0
      objectReference: {fileID: 0}
    - target: {fileID: 4278372149967469862, guid: 9f686aec91014c443bdb2a27529c34c8,
        type: 3}
      propertyPath: m_Name
      value: Froor_block_3 (3)
      objectReference: {fileID: 0}
    m_RemovedComponents: []
  m_SourcePrefab: {fileID: 100100000, guid: 9f686aec91014c443bdb2a27529c34c8, type: 3}
--- !u!4 &8374194484024998288 stripped
Transform:
  m_CorrespondingSourceObject: {fileID: 3230008765249094522, guid: 9f686aec91014c443bdb2a27529c34c8,
    type: 3}
  m_PrefabInstance: {fileID: 6405339506492996330}
  m_PrefabAsset: {fileID: 0}
--- !u!1001 &6473813407355890453
PrefabInstance:
  m_ObjectHideFlags: 0
  serializedVersion: 2
  m_Modification:
    m_TransformParent: {fileID: 2538822281537984206}
    m_Modifications:
    - target: {fileID: 4816193995240962954, guid: 352c844bef0248e4ea397fe96d633a6e,
        type: 3}
      propertyPath: m_Name
      value: Floor_2*2
      objectReference: {fileID: 0}
    - target: {fileID: 8839886670180005476, guid: 352c844bef0248e4ea397fe96d633a6e,
        type: 3}
      propertyPath: m_RootOrder
      value: 6
      objectReference: {fileID: 0}
    - target: {fileID: 8839886670180005476, guid: 352c844bef0248e4ea397fe96d633a6e,
        type: 3}
      propertyPath: m_LocalPosition.x
      value: 6
      objectReference: {fileID: 0}
    - target: {fileID: 8839886670180005476, guid: 352c844bef0248e4ea397fe96d633a6e,
        type: 3}
      propertyPath: m_LocalPosition.y
      value: 0
      objectReference: {fileID: 0}
    - target: {fileID: 8839886670180005476, guid: 352c844bef0248e4ea397fe96d633a6e,
        type: 3}
      propertyPath: m_LocalPosition.z
      value: 36
      objectReference: {fileID: 0}
    - target: {fileID: 8839886670180005476, guid: 352c844bef0248e4ea397fe96d633a6e,
        type: 3}
      propertyPath: m_LocalRotation.w
      value: 1
      objectReference: {fileID: 0}
    - target: {fileID: 8839886670180005476, guid: 352c844bef0248e4ea397fe96d633a6e,
        type: 3}
      propertyPath: m_LocalRotation.x
      value: 0
      objectReference: {fileID: 0}
    - target: {fileID: 8839886670180005476, guid: 352c844bef0248e4ea397fe96d633a6e,
        type: 3}
      propertyPath: m_LocalRotation.y
      value: 0
      objectReference: {fileID: 0}
    - target: {fileID: 8839886670180005476, guid: 352c844bef0248e4ea397fe96d633a6e,
        type: 3}
      propertyPath: m_LocalRotation.z
      value: 0
      objectReference: {fileID: 0}
    - target: {fileID: 8839886670180005476, guid: 352c844bef0248e4ea397fe96d633a6e,
        type: 3}
      propertyPath: m_LocalEulerAnglesHint.x
      value: 0
      objectReference: {fileID: 0}
    - target: {fileID: 8839886670180005476, guid: 352c844bef0248e4ea397fe96d633a6e,
        type: 3}
      propertyPath: m_LocalEulerAnglesHint.y
      value: 0
      objectReference: {fileID: 0}
    - target: {fileID: 8839886670180005476, guid: 352c844bef0248e4ea397fe96d633a6e,
        type: 3}
      propertyPath: m_LocalEulerAnglesHint.z
      value: 0
      objectReference: {fileID: 0}
    m_RemovedComponents: []
  m_SourcePrefab: {fileID: 100100000, guid: 352c844bef0248e4ea397fe96d633a6e, type: 3}
--- !u!4 &2556369936462241137 stripped
Transform:
  m_CorrespondingSourceObject: {fileID: 8839886670180005476, guid: 352c844bef0248e4ea397fe96d633a6e,
    type: 3}
  m_PrefabInstance: {fileID: 6473813407355890453}
  m_PrefabAsset: {fileID: 0}
--- !u!1001 &6900990204968863264
PrefabInstance:
  m_ObjectHideFlags: 0
  serializedVersion: 2
  m_Modification:
    m_TransformParent: {fileID: 2538822281537984206}
    m_Modifications:
    - target: {fileID: 3230008765249094522, guid: 9f686aec91014c443bdb2a27529c34c8,
        type: 3}
      propertyPath: m_RootOrder
      value: 5
      objectReference: {fileID: 0}
    - target: {fileID: 3230008765249094522, guid: 9f686aec91014c443bdb2a27529c34c8,
        type: 3}
      propertyPath: m_LocalPosition.x
      value: 0
      objectReference: {fileID: 0}
    - target: {fileID: 3230008765249094522, guid: 9f686aec91014c443bdb2a27529c34c8,
        type: 3}
      propertyPath: m_LocalPosition.y
      value: 0
      objectReference: {fileID: 0}
    - target: {fileID: 3230008765249094522, guid: 9f686aec91014c443bdb2a27529c34c8,
        type: 3}
      propertyPath: m_LocalPosition.z
      value: 0
      objectReference: {fileID: 0}
    - target: {fileID: 3230008765249094522, guid: 9f686aec91014c443bdb2a27529c34c8,
        type: 3}
      propertyPath: m_LocalRotation.w
      value: 1
      objectReference: {fileID: 0}
    - target: {fileID: 3230008765249094522, guid: 9f686aec91014c443bdb2a27529c34c8,
        type: 3}
      propertyPath: m_LocalRotation.x
      value: 0
      objectReference: {fileID: 0}
    - target: {fileID: 3230008765249094522, guid: 9f686aec91014c443bdb2a27529c34c8,
        type: 3}
      propertyPath: m_LocalRotation.y
      value: 0
      objectReference: {fileID: 0}
    - target: {fileID: 3230008765249094522, guid: 9f686aec91014c443bdb2a27529c34c8,
        type: 3}
      propertyPath: m_LocalRotation.z
      value: 0
      objectReference: {fileID: 0}
    - target: {fileID: 3230008765249094522, guid: 9f686aec91014c443bdb2a27529c34c8,
        type: 3}
      propertyPath: m_LocalEulerAnglesHint.x
      value: 0
      objectReference: {fileID: 0}
    - target: {fileID: 3230008765249094522, guid: 9f686aec91014c443bdb2a27529c34c8,
        type: 3}
      propertyPath: m_LocalEulerAnglesHint.y
      value: 0
      objectReference: {fileID: 0}
    - target: {fileID: 3230008765249094522, guid: 9f686aec91014c443bdb2a27529c34c8,
        type: 3}
      propertyPath: m_LocalEulerAnglesHint.z
      value: 0
      objectReference: {fileID: 0}
    - target: {fileID: 4278372149967469862, guid: 9f686aec91014c443bdb2a27529c34c8,
        type: 3}
      propertyPath: m_Name
      value: Froor_block_3 (2)
      objectReference: {fileID: 0}
    m_RemovedComponents: []
  m_SourcePrefab: {fileID: 100100000, guid: 9f686aec91014c443bdb2a27529c34c8, type: 3}
--- !u!4 &8292945354145170778 stripped
Transform:
  m_CorrespondingSourceObject: {fileID: 3230008765249094522, guid: 9f686aec91014c443bdb2a27529c34c8,
    type: 3}
  m_PrefabInstance: {fileID: 6900990204968863264}
  m_PrefabAsset: {fileID: 0}
--- !u!1001 &9051143937822279521
PrefabInstance:
  m_ObjectHideFlags: 0
  serializedVersion: 2
  m_Modification:
    m_TransformParent: {fileID: 2538822281537984206}
    m_Modifications:
    - target: {fileID: 3230008765249094522, guid: 9f686aec91014c443bdb2a27529c34c8,
        type: 3}
      propertyPath: m_RootOrder
      value: 4
      objectReference: {fileID: 0}
    - target: {fileID: 3230008765249094522, guid: 9f686aec91014c443bdb2a27529c34c8,
        type: 3}
      propertyPath: m_LocalPosition.x
      value: 6
      objectReference: {fileID: 0}
    - target: {fileID: 3230008765249094522, guid: 9f686aec91014c443bdb2a27529c34c8,
        type: 3}
      propertyPath: m_LocalPosition.y
      value: 0
      objectReference: {fileID: 0}
    - target: {fileID: 3230008765249094522, guid: 9f686aec91014c443bdb2a27529c34c8,
        type: 3}
      propertyPath: m_LocalPosition.z
      value: 0
      objectReference: {fileID: 0}
    - target: {fileID: 3230008765249094522, guid: 9f686aec91014c443bdb2a27529c34c8,
        type: 3}
      propertyPath: m_LocalRotation.w
      value: 1
      objectReference: {fileID: 0}
    - target: {fileID: 3230008765249094522, guid: 9f686aec91014c443bdb2a27529c34c8,
        type: 3}
      propertyPath: m_LocalRotation.x
      value: 0
      objectReference: {fileID: 0}
    - target: {fileID: 3230008765249094522, guid: 9f686aec91014c443bdb2a27529c34c8,
        type: 3}
      propertyPath: m_LocalRotation.y
      value: 0
      objectReference: {fileID: 0}
    - target: {fileID: 3230008765249094522, guid: 9f686aec91014c443bdb2a27529c34c8,
        type: 3}
      propertyPath: m_LocalRotation.z
      value: 0
      objectReference: {fileID: 0}
    - target: {fileID: 3230008765249094522, guid: 9f686aec91014c443bdb2a27529c34c8,
        type: 3}
      propertyPath: m_LocalEulerAnglesHint.x
      value: 0
      objectReference: {fileID: 0}
    - target: {fileID: 3230008765249094522, guid: 9f686aec91014c443bdb2a27529c34c8,
        type: 3}
      propertyPath: m_LocalEulerAnglesHint.y
      value: 0
      objectReference: {fileID: 0}
    - target: {fileID: 3230008765249094522, guid: 9f686aec91014c443bdb2a27529c34c8,
        type: 3}
      propertyPath: m_LocalEulerAnglesHint.z
      value: 0
      objectReference: {fileID: 0}
    - target: {fileID: 4278372149967469862, guid: 9f686aec91014c443bdb2a27529c34c8,
        type: 3}
      propertyPath: m_Name
      value: Froor_block_3 (1)
      objectReference: {fileID: 0}
    m_RemovedComponents: []
  m_SourcePrefab: {fileID: 100100000, guid: 9f686aec91014c443bdb2a27529c34c8, type: 3}
--- !u!4 &5858994751008785435 stripped
Transform:
  m_CorrespondingSourceObject: {fileID: 3230008765249094522, guid: 9f686aec91014c443bdb2a27529c34c8,
    type: 3}
  m_PrefabInstance: {fileID: 9051143937822279521}
  m_PrefabAsset: {fileID: 0}
